3552 5370
855 431 877 497 9

245 628 326 693 δυοῖν
349 625 403 691 vel
426 626 535 715 ἀμφοῖν
559 624 662 705 ὄντων)
685 625 897 709 reperiuntur.
935 625 972 691 In
996 625 1068 692 loeo
1092 626 1167 694 libri
1181 625 1223 693 de
1238 626 1483 694 Atheniensium

248 731 418 819 republica
441 751 514 819 cap·
537 733 596 800 0οι
620 732 760 806 πλείονος
782 730 803 819 ἢ
826 734 905 799 δυοῖν
928 735 1078 822 δραχμαῖς
1103 737 1164 816 (so
1187 733 1221 799 iu
1244 733 1299 802 the
1321 733 1390 802 MS.
1413 734 1484 802 The

247 839 315 907 last
337 845 402 905 two
425 838 538 905 letters
562 838 600 905 oi
618 841 772 926 δραχμαῖς
793 837 878 906 bave
900 840 984 908 been
1006 839 1133 907 blotted
1151 840 1186 906 in
1200 840 1332 925 writing
1346 838 1413 906 and
1426 861 1484 907 are

248 945 415 1013 rewritten
435 945 562 1013 above}
589 944 743 1032 Kenyon)
767 952 906 1031 apparet
920 945 1091 1014 exstinctis
1106 971 1148 1012 -ιν
1171 946 1289 1013 litteris
1314 946 1483 1014 alibrario

246 1077 293 1127 -ις
319 1052 462 1139 positum
495 1072 569 1119 esse
598 1049 807 1138 dormitante,
837 1072 909 1118 eum
941 1053 1113 1137 genetivus
1135 1053 1325 1137 requiratur.
1372 1051 1483 1132 Quare

249 1158 626 1227 Herwerden·Leeuwen
649 1179 708 1226 suo
732 1159 802 1225 inre
825 1161 974 1247 δραχμοῖν
996 1160 1031 1226 in
1053 1166 1177 1226 textum
1199 1166 1400 1246 receperunt.

337 1282 571 1352 Restitnendus
593 1302 722 1368 quoque
747 1282 861 1369 dualis
878 1283 956 1350 mihi
978 1283 1108 1350 videtur
1130 1303 1204 1352 esse
1217 1285 1290 1352 loeo
1305 1284 1361 1351 illo
1376 1308 1407 1351 τ.
1420 1308 1481 1368 γεν.

244 1419 278 1461 τι.
303 1397 395 1482 pesp.
418 1391 435 1456 I
459 1393 480 1459 2
502 1411 535 1477 p.
555 1390 676 1458 eleba
700 1392 778 1457 δυοῖν
800 1400 901 1458 τινοῖν.
947 1391 1032 1457 Nam
1056 1390 1117 1459 etsi
1140 1411 1204 1457 uno
1227 1390 1388 1458 eodieeF
1411 1392 1484 1459 niti·

246 1507 315 1584 tur,
348 1505 457 1564 tamen
490 1503 523 1563 et
549 1516 610 1564 usu
638 1495 843 1582 Aristotelis,
878 1496 933 1582 qui
961 1517 1062 1585 saepe
1089 1497 1210 1566 formas
1238 1499 1355 1566 tertiae
1384 1498 1484 1566 deeli-

247 1605 390 1672 nationis
413 1605 448 1670 in
466 1628 526 1670 -οιν
549 1624 621 1671 enm
644 1606 721 1671 δυοῖν
741 1603 916 1690 coniunxit,
940 1612 973 1671 et
987 1606 1059 1672 loeo
1072 1609 1178 1692 τροβλ
1194 1606 1226 1672 X
1240 1607 1284 1674 26
1298 1626 1330 1691 p.
1347 1607 1485 1674 893bau

246 1714 286 1780 ἐιι
309 1715 387 1778 δυοῖν
409 1721 500 1778 τινοῖν
523 1710 678 1780 firmatur.

338 1860 369 1903 τ.
393 1843 494 1925 ψυχῆς
525 1834 573 1900 III
603 1839 619 1903 l
649 1857 680 1922 p.
703 1836 825 1903 4211112
847 1842 953 1901 utrum
982 1835 1092 1925 ἀμφοῖν
1124 1836 1177 1903 vel
1212 1856 1284 1902 eum
1316 1835 1430 1903 codiee
1456 1837 1484 1902 L

245 1956 310 2012 τοῖν
335 1944 444 2033 ἀμφοῖν
469 1942 638 2027 scriberes,
663 1940 707 2009 ad
730 1940 884 2009 iudicium
908 1942 950 2009 de
973 1942 1064 2009 duali
1086 1940 1318 2010 instituendum
1337 1942 1417 2009 nibil
1435 1963 1485 2010 re·

246 2053 361 2137 ferret,
395 2049 455 2118 sed
487 2059 647 2115 cumrato
675 2048 784 2139 ἀμφοῖν
811 2049 853 2114 ab
878 2069 939 2117 usu
967 2050 1176 2118 Aristotelian
1205 2049 1393 2136 abhorreat,
1423 2060 1485 2117 τοῖν

247 2155 448 2226 reiciendum
471 2162 530 2223 est.
570 2156 681 2222 Altero
704 2155 776 2223 loco
800 2179 881 2245 τεχν.
907 2154 974 2245 ῥητ.
994 2156 1042 2222 ΙΙΙ
1063 2159 1102 2224 11
1124 2178 1156 2243 p.
1174 2158 1332 2226 1412184
1356 2157 1392 2224 ἐτι
1406 2160 1484 2225 δυοῖν

246 2267 299 2352 (ἐτι
331 2275 395 2332 τοῖν
427 2266 503 2330 δυοῖν
533 2261 575 2345 Q)
616 2262 773 2330 articulus
806 2272 869 2330 τοῖν
905 2282 970 2329 non
1008 2262 1139 2348 quidem
1172 2284 1234 2331 usu
1264 2263 1484 2344 Aristotelieo,

247 2393 361 2440 verum
384 2391 482 2439 sensu
506 2369 696 2437 excluditur.

338 2520 371 2566 π.
394 2521 420 2563 τ.
445 2502 508 2582 ζῷα
530 2493 585 2563 ἱοτ.
614 2494 660 2560 VI
689 2497 731 2564 10
757 2517 790 2581 p.
813 2496 952 2564 celum
984 2506 1070 2563 rubro
1098 2498 1164 2585 ἔχει
1191 2506 1253 2563 τοῖν
1285 2499 1364 2563 δυοῖν
1396 2505 1485 2585 μόνον

246 2612 343 2692 τόμον
366 2603 517 2671 librarius
545 2601 668 2669 codicis
691 2602 748 2687 A0,
776 2602 831 2686 qui
860 2608 959 2691 μόνοιν
990 2604 1136 2688 praebet,
1165 2603 1337 2670 manifesto
1366 2606 1486 2672 erravit

247 2711 403 2778 inductus
427 2709 553 2776 duobus
576 2707 642 2775 illis
665 2707 934 2776 antecedentibus
958 2732 1020 2775 -οιν
1043 2713 1119 2790 (τοῖν
1143 2710 1244 2788 δυοῖν).

338 2835 378 2900 In
400 2834 481 2901 loeis
503 2857 529 2900 τ.
550 2856 616 2921 μετ.
636 2856 664 2899 τ.
684 2856 752 2923 pou.
777 2833 823 2898 VI
843 2834 864 2901 5
883 2854 916 2919 p.
933 2834 1045 2902 10301)
1057 2843 1091 2897 11
1114 2833 1150 2899 ἐτι
1171 2842 1229 2899 τῶν
1252 2836 1332 2902 δυοῖν
1356 2838 1430 2919 (τοῖν
1445 2834 1484 2918 Τ)

246 2950 284 3011 et
305 2946 400 3009 τολιτ.
425 2941 454 3006 V
480 2945 497 3009 1
522 2961 555 3026 p.
580 2940 739 3007 13011138
770 2948 828 3005 τῶν
855 2942 948 3025 δυοῖν,
977 2939 1022 3005 ad
1049 2960 1145 3025 quem
1176 2940 1283 3009 loonm
1315 2940 1487 3008 adnotavit

248 3047 481 3117 Susamiblius:
515 3047 593 3132 μῶν]
617 3057 680 3113 τοῖν
707 3066 789 3117 corr.
813 3046 859 3113 Ρ1
892 3050 992 3129 (reete
1014 3054 1050 3114 nt
1072 3046 1233 3133 videturl‘,
1263 3047 1485 3116 diiudicandis

247 3155 446 3224 monendum
469 3165 521 3221 est
543 3153 714 3221 articulum
738 3155 809 3221 sine
838 3155 1042 3221 substantivo
1069 3155 1217 3222 omnibns
1244 3154 1379 3240 reliquis
1402 3156 1485 3222 loeis

245 3285 324 3331 oum
361 3265 437 3329 δυοῖν
474 3261 627 3345 coniungi
664 3260 768 3327 forma
801 3260 909 3327 duali
940 3271 1002 3328 τοῖν
1034 3262 1117 3351 (φυο.
1142 3259 1208 3347 dap.
1233 3261 1279 3327 IV
1302 3264 1322 3329 8
1346 3283 1379 3348 p.
1394 3263 1486 3330 2151

251 3381 294 3434 14.
314 3378 356 3433 15.
401 3367 480 3435 VIII
503 3370 524 3436 6
550 3388 584 3455 p.
608 3369 755 3436 abesae.
801 3390 832 3433 π.
857 3365 921 3453 obp.
949 3368 999 3434 III
1028 3371 1042 3435 l
1074 3389 1106 3454 p.
1131 3367 1259 3435 298118.
1313 3391 1344 3435 π.
1369 3392 1430 3452 μεν.
1454 3393 1484 3436 τι.

246 3479 342 3566 φθορ.
365 3474 398 3540 II
422 3477 442 3542 3
465 3496 498 3561 p.
513 3474 659 3541 3301131.
704 3496 734 3539 π.
750 3472 874 3563 niobae.
890 3498 918 3540 ν.
933 3472 1055 3563 aledea.
1082 3477 1101 3541 I
1124 3494 1156 3561 p.
1171 3474 1300 3541 441119.
1336 3497 1368 3544 π.
1381 3497 1408 3541 τ.
1424 3480 1486 3561 ζῷα

134 3636 136 3639 .
246 3583 306 3650 ier.
322 3582 368 3648 VI
383 3583 426 3650 10
438 3603 471 3668 p.
486 3580 579 3649 5641)
591 3590 636 3648 29.
674 3604 706 3648 τ.
722 3586 806 3666 ζῴων
820 3603 879 3665 γτν.
895 3581 912 3646 Ι
928 3584 969 3650 18
984 3603 1017 3668 p.
1034 3581 1160 3649 12414.
1192 3581 1241 3646 ΠΙ
1254 3584 1275 3650 2
1289 3602 1322 3667 p.
1339 3582 1485 3651 ucenae.

246 3713 317 3779 μετ.
343 3715 368 3783 τ.
393 3712 461 3778 poe.
485 3687 535 3752 III
557 3689 580 3754 4
602 3707 633 3772 p.
660 3690 807 3756 1008ae.
840 3687 886 3753 Vl
913 3690 952 3755 12
976 3709 1009 3774 p.
1036 3688 1184 3756 1088113.
1218 3690 1260 3757 18
1282 3709 1315 3774 p.
1338 3690 1486 3758 108814.

245 3799 300 3864 IX
321 3800 343 3868 6
366 3796 562 3884 pleuros
603 3797 701 3861 πολιτ.
725 3794 771 3860 IV
795 3798 816 3863 8
838 3816 871 3881 p.
897 3796 1063 3863 12941122.
1109 3795 1139 3861 V
1164 3798 1181 3862 1
1206 3796 1486 3882 praelusum.

249 3905 313 3972 VII
339 3909 380 3971 14
408 3924 441 3990 p.
468 3903 647 3982 13332129.)
703 3898 813 3979 Quare
839 3909 976 3987 utroque
1003 3902 1076 3968 loco
1104 3908 1138 3968 et
1166 3902 1194 3968 Τ
1224 3908 1256 3970 et
1282 3901 1329 3968 P¹
1356 3900 1487 3969 codices

248 4023 449 4095 aequemur.

340 4135 411 4201 lam
438 4135 480 4202 de
507 4134 689 4219 fragmento
717 4135 783 4200 421
816 4153 847 4218 p.
872 4133 1031 4201 leucen
1064 4129 1108 4198 δῖ’
1133 4131 1233 4217 ὀβολώ
1264 4133 1366 4198 rerba
1393 4131 1487 4199 nobis

249 4239 405 4307 facienda
428 4248 512 4308 sunt.
560 4240 653 4320 Quae
676 4240 828 4325 leguntur
851 4239 939 4326 apud
966 4238 1132 4306 Pollucem
1160 4239 1247 4325 VIII,
1272 4240 1353 4307 113:
1385 4242 1420 4304 τὸ
1443 4239 1488 4304 δι-

250 4353 403 4425 τιαστιιιόν,
426 4346 500 4434 ὅπερ
522 4353 575 4415 καὶ
597 4351 762 4433 τριώβολον
783 4351 837 4413 οιαὶ
860 4345 903 4413 δυ’
924 4344 1024 4431 ὀβολὼ
1041 4350 1095 4414 οιαὶ
1108 4343 1218 4431 ὀβολὸς
1236 4346 1273 4434 ἠν
1285 4344 1423 4419 Ἀττικός
1445 4364 1487 4411 ex

248 4454 427 4522 Aristotele
450 4463 579 4540 sumpta
602 4474 676 4522 esse
700 4453 839 4521 coniecit
861 4454 980 4520 Rosius
1003 4452 1182 4539 respiciens
1205 4451 1250 4518 ad
1273 4450 1355 4518 duos
1382 4453 1481 4537 locos,

247 4562 389 4629 alterum
416 4560 516 4630 sehol.
545 4561 591 4627 ad
617 4560 782 4647 Aristoph.
812 4561 911 4646 Vesp.
940 4561 1020 4628 684:
1059 4561 1128 4633 τοὺς
1155 4568 1233 4645 τρεῖς
1259 4556 1401 4644 ὀβολοῖς·
1434 4563 1489 4627 τὸν

247 4676 341 4760 φόρον
365 4670 454 4755 λέγει,
487 4664 539 4757 ἀφ’
563 4666 604 4734 ὢν
636 4666 754 4735 ἐδίδοτο
781 4672 814 4734 τὸ
841 4669 1022 4753 τριώβολον·
1059 4675 1150 4732 τοῦτο
1182 4667 1214 4731 δὲ
1240 4664 1353 4733 ἄλλοτε
1384 4664 1488 4741 ἄλλως
