3552 5370
926 435 971 502 20

331 631 443 705 libello
459 652 536 721 pag.
554 633 605 716 18,
623 632 665 699 14
688 630 720 704 ἐξ
743 630 853 719 ἀμφοῖν
877 633 1010 705 aleton,
1033 649 1110 717 pag.
1127 631 1156 713 2,
1171 632 1215 718 30
1237 628 1347 719 ἀμφοῖν
1370 648 1428 713 pro
1444 626 1569 711 datico,

331 761 364 825 p.
382 740 435 822 12,
459 741 481 804 4
504 739 597 809 εἴκοσι
621 739 700 807 doctu
723 758 781 823 pro
805 737 966 825 genetivo,
990 759 1022 823 p.
1045 740 1093 812 18,
1117 737 1139 807 5
1163 738 1211 802 διὰ
1234 738 1313 802 doctu
1336 735 1497 823 leguntur,
1521 732 1567 803 ab

331 843 478 911 lluclidis
502 864 563 910 usu
585 843 770 912 abhorrent.

420 951 536 1035 Neque
558 949 600 1021 de
618 949 729 1016 libello
744 949 789 1019 de
813 950 988 1017 sectione
1008 949 1169 1019 canonis
1188 947 1421 1015 dubitationem
1435 966 1568 1013 movere·

330 1078 395 1127 non
423 1058 616 1144 poterimus,
647 1077 720 1129 eum
747 1078 779 1142 p.
804 1059 857 1142 24,
884 1059 925 1126 10
948 1063 980 1123 ct
1005 1059 1046 1125 13
1068 1056 1102 1133 ἐξ
1125 1055 1233 1144 ἀμφοῖν
1258 1062 1411 1127 occurrat.
1459 1052 1567 1137 Quam

333 1164 468 1231 formam
497 1185 577 1231 casu
609 1163 751 1248 quodam
779 1164 813 1229 in
845 1163 962 1230 ceteris
993 1162 1140 1231 Euclidis
1169 1162 1299 1248 scriptis
1331 1182 1397 1228 non
1426 1162 1565 1228 inueniri

330 1271 386 1337 uix
419 1272 591 1356 qnisquam
624 1270 757 1355 dixerit,
789 1291 861 1336 cum
893 1277 985 1335 tanta
1018 1270 1083 1336 sint
1110 1271 1182 1336 eins
1213 1290 1314 1355 opera
1341 1290 1381 1335 ac
1408 1276 1456 1335 tot
1482 1268 1569 1335 locis

333 1377 504 1467 ἀμφότερος
525 1378 661 1462 legatur.
699 1377 844 1462 Accedit,
868 1378 956 1462 quod
974 1377 1163 1463 Autolycus,
1188 1376 1409 1462 Archimedes,
1432 1376 1563 1462 Apollo·

333 1486 406 1557 nius
429 1484 607 1569 Pergaeus,
630 1483 806 1571 Hypsicles
829 1483 922 1573 lippo
943 1483 1135 1551 vocabulum
1160 1484 1352 1555 vitaverunt.

422 1590 572 1661 Ceterum
596 1594 648 1657 δ5ο
675 1611 734 1676 pro
765 1592 916 1676 genetivo
948 1592 982 1657 in
1013 1591 1304 1662 introductione
1336 1590 1564 1661 harmonica

332 1698 484 1777 sexies¹),
513 1697 547 1763 in
572 1698 750 1764 sectione
776 1698 937 1765 canonis
970 1698 1123 1784 septies’)
1154 1705 1253 1782 atquc
1281 1698 1313 1763 in
1342 1697 1404 1763 hac
1433 1696 1568 1763 dativus

333 1807 398 1872 6οοὶ
422 1804 523 1871 semel
547 1808 592 1891 (p.
608 1808 662 1890 29,
685 1807 740 1886 14)
763 1806 928 1891 reperitur.

419 1912 458 1977 In
481 1913 629 1998 opticis
654 1918 686 1978 et
709 1912 939 1997 catoptriois
958 1910 1178 1998 theorematis,
1198 1932 1282 1996 quae
1296 1911 1325 1979 J.
1336 1910 1375 1978 Gr.
1385 1909 1564 1978 Schneider

330 2020 365 2087 in
392 2019 517 2103 eclogia
546 2018 693 2105 physicis
719 2018 737 2087 I
766 2039 799 2104 p.
823 2021 887 2086 381
900 2039 947 2103 sq.
981 2019 1105 2104 publici
1137 2018 1216 2084 iuris
1249 2018 1335 2102 iecit,
1368 2017 1415 2083 nil
1447 2018 1566 2100 inveni,

330 2126 417 2212 qnod
440 2125 587 2193 Euclidis
609 2127 682 2199 usui
705 2135 910 2211 repugnaret.
950 2126 988 2189 In
1012 2127 1192 2212 opticorum
1215 2126 1300 2195 enim
1323 2124 1424 2192 theor.
1442 2128 1485 2193 26
1510 2126 1568 2189 δίνο

330 2233 525 2318 genetivum,
550 2233 583 2299 in
607 2239 744 2318 catoptr.
768 2230 869 2301 theor.
896 2235 938 2300 13
962 2235 1027 2297 doct
1050 2231 1194 2297 datiuum
1217 2233 1364 2315 legimus.

727 2432 748 2510 8
773 2432 804 2497 7.
849 2428 905 2495 De
929 2426 1168 2494 Archimede.

421 2571 676 2641 Archimedes
709 2591 815 2656 neque
851 2571 959 2637 dualis
995 2570 1121 2637 numeri
1158 2570 1294 2637 sormam
1330 2590 1435 2655 raeque
1472 2570 1568 2658 lippo

333 2679 527 2746 vocabulum
551 2678 709 2744 adhibuit.
756 2681 811 2745 δίνο
833 2686 943 2744 autem
965 2678 1050 2744 huno
1074 2678 1106 2742 in
1129 2678 1261 2744 modum
1284 2677 1472 2743 declinavit:

440 2806 523 2852 nom.
549 2806 633 2853 acc:
657 2788 711 2852 oco

437 2914 526 2978 gen:
552 2895 604 2958 δ5ο
627 2892 844 2975 1111οά535111,
867 2895 944 2958 δυῶν
967 2893 1099 2975 semel⁴)

438 2999 520 3066 dat:
547 3002 612 3064 δοοὶ
635 2999 790 3083 qnaterI),
815 3002 866 3065 δίνο
889 2999 976 3077 ter⁶),
1001 3003 1080 3072 δοοῖς
1094 3009 1143 3067 ter
1166 3001 1212 3078 (in
1235 2998 1346 3064 libello
1371 2999 1412 3063 de
1435 3016 1505 3063 corr.
1531 3005 1563 3060 et

545 3105 730 3190 sphaer.)⁷).

419 3214 536 3279 Libros
564 3212 619 3297 qni
648 3221 723 3278 sunt
750 3212 796 3278 de
825 3212 991 3298 sphaera
1021 3218 1058 3277 et
1086 3209 1265 3295 cylindro
1290 3209 1390 3276 etde
1414 3207 1562 3272 dimen-

330 3322 439 3388 sione
471 3319 610 3385 circuli
642 3338 683 3383 aa
711 3339 776 3403 qua
805 3320 918 3384 traditi
941 3329 1016 3384 sunt
1038 3318 1151 3400 forma,
1180 3335 1245 3380 non
1268 3315 1312 3380 ad
1335 3312 1561 3380 Archimedem

329 3427 444 3496 referri
476 3446 575 3513 posse
606 3427 660 3491 vel
692 3425 769 3491 inde
802 3432 952 3512 apparet,
985 3423 1072 3507 quod
1104 3423 1255 3508 ,dialecto
1289 3421 1401 3487 dorica
1432 3418 1564 3507 spoIIati

329 3644 372 3699 20.
412 3644 454 3706 11,
474 3642 518 3707 34,
537 3642 562 3695 5.
601 3641 643 3705 14,
662 3640 705 3707 38,
726 3641 768 3696 18.
805 3641 909 3705 15,40,
929 3640 1035 3695 2226.
1072 3638 1115 3704 20,
1135 3639 1180 3702 54,
1199 3639 1224 3693 5.
1256 3637 1486 3703 21,56,12.16.
1519 3636 1567 3700 22,

329 3733 372 3798 60,
391 3733 416 3787 5.
460 3732 504 3795 23,
523 3730 566 3798 68,
586 3730 612 3787 8.
653 3730 697 3797 24,
716 3730 758 3796 72,
780 3730 822 3784 14.
859 3731 902 3795 26,
921 3730 964 3793 80,
983 3730 1009 3783 8.
1029 3730 1071 3783 19.
1091 3729 1134 3782 22.
1154 3729 1197 3785 25.
1234 3728 1276 3793 31,
1295 3728 1338 3789 92,
1359 3727 1402 3781 15.
1439 3725 1562 3789 33102,

329 3824 354 3876 1.
391 3819 579 3885 35,118,18.
617 3819 677 3883 120,
698 3820 739 3873 16.
758 3821 801 3873 26.
840 3819 899 3883 122,
918 3822 943 3872 3.
964 3819 1005 3872 14.
1043 3818 1211 3882 38,132,8.
1249 3817 1302 3871 XII
1326 3817 1351 3881 3,
1378 3815 1436 3880 150,
1456 3815 1499 3868 16.
1519 3813 1562 3868 27.

328 3910 396 3965 XIII
424 3909 529 3974 7,264,
550 3908 593 3962 19.
630 3909 691 3974 266,
711 3909 737 3961 2.
757 3909 800 3962 16.
838 3908 880 3973 17,
899 3909 960 3973 320,
984 3908 1009 3963 2.
1029 3908 1071 3961 26.
1109 3925 1171 3976 app.
1198 3908 1222 3973 1,
1242 3908 1265 3972 1,
1285 3906 1346 3969 346,
1370 3905 1396 3959 6.
1433 3904 1501 3958 data
1519 3902 1562 3957 94

421 3997 442 4067 Ι1
464 3997 566 4051 introd
584 3998 673 4052 harm.
692 4015 759 4069 pag.
779 3998 803 4064 1,
824 3998 866 4052 14.
903 3998 928 4062 8,
947 3998 992 4052 25.
1011 3997 1054 4050 26.
1094 3997 1135 4059 12,
1154 3996 1197 4050 32.
1236 3996 1278 4061 17,
1299 3996 1323 4048 7.
1344 3993 1386 4050 10.

421 4085 442 4155 ’1
465 4089 531 4142 sect.
551 4103 611 4141 can.
630 4104 657 4156 p.
676 4087 720 4151 28,
738 4086 765 4141 4.
802 4088 846 4152 33,
866 4088 891 4141 4.
911 4087 935 4140 7.
955 4087 981 4140 9.
1002 4087 1044 4140 14.
1082 4087 1125 4151 34,
1146 4086 1187 4140 17.
1225 4085 1269 4151 35,
1287 4084 1312 4137 6.

420 4174 443 4244 ’1
465 4176 500 4231 de
523 4176 630 4230 conoid.
655 4179 684 4232 et
707 4177 815 4245 sphacr.
839 4178 880 4241 15,
899 4176 960 4239 358,
982 4176 1023 4230 17.
1061 4175 1122 4239 360,
1141 4176 1166 4228 8.
1206 4173 1247 4238 18,
1266 4173 1327 4238 372,
1347 4173 1372 4226 9.
1410 4173 1445 4227 ds
1467 4172 1562 4243 spiral.

328 4265 414 4336 praef.
433 4266 458 4331 4,
478 4265 523 4321 23.
559 4265 584 4331 2,
604 4265 646 4331 18,
665 4266 691 4320 2.
723 4266 749 4328 4,
768 4266 811 4330 20,
833 4265 873 4319 10.
905 4266 948 4330 28,
969 4265 1029 4329 136,
1048 4265 1073 4318 3.
1115 4264 1150 4317 de
1168 4262 1244 4331 plan.
1265 4280 1345 4329 aequ.
1365 4261 1392 4314 ΙΙ
1411 4263 1436 4326 3,
1457 4262 1518 4327 194,
1537 4262 1561 4315 9.

330 4355 355 4421 7,
373 4354 434 4419 210,
454 4355 498 4407 26.
536 4370 611 4410 arem
630 4354 678 4419 IV,
697 4354 723 4419 5,
742 4354 804 4418 278,
823 4355 849 4407 6.
887 4353 928 4419 10,
948 4354 1010 4417 286,
1030 4353 1071 4406 17.
1109 4352 1193 4423 frgm.
1213 4353 1237 4417 1,
1255 4351 1317 4415 460,
1337 4353 1361 4405 1.

420 4444 441 4512 *1
466 4460 541 4498 aren.
561 4443 582 4509 I,
602 4443 645 4509 21,
664 4444 726 4509 260,
747 4444 789 4498 11.

421 4531 443 4599 ⁶)
466 4532 501 4587 da
520 4549 580 4587 con.
601 4535 631 4588 ct
650 4533 759 4602 sphasr.
778 4533 821 4597 29,
840 4531 901 4593 474,
920 4532 946 4584 4.
979 4530 1013 4585 de
1031 4530 1095 4600 spir.
1110 4530 1151 4596 10,
1170 4531 1214 4596 36,
1234 4530 1276 4584 16.
1304 4529 1349 4591 38,
1368 4529 1393 4583 3.
1423 4529 1465 4594 11,
1479 4528 1523 4591 44,
1537 4527 1565 4581 4.

420 4620 442 4686 ⁰)
466 4621 500 4677 de
518 4621 584 4690 spir.
605 4622 646 4689 10,
666 4622 709 4688 36,
729 4624 772 4676 11.
792 4623 834 4675 13.
871 4622 906 4675 dc
924 4621 999 4690 plan.
1020 4637 1100 4689 aequ.
1119 4619 1154 4685 Π,
1175 4620 1216 4686 10,
1235 4620 1296 4685 234,
1316 4620 1341 4673 8.

422 4708 442 4776 ²)
466 4711 500 4764 de
520 4727 581 4766 con.
601 4715 630 4766 et
648 4711 755 4782 sphacr.
775 4710 828 4766 def.
848 4710 910 4776 288,
930 4710 972 4763 16.
1009 4710 1052 4774 29,
1071 4709 1133 4774 468,
1152 4709 1195 4764 23.
1232 4707 1294 4775 470,
1312 4707 1338 4760 2.
