3552 5370
797 454 840 517 47

712 543 924 552 ...---

294 649 378 715 Hine
411 648 607 734 perspicitur
638 648 781 731 genetivi
812 667 906 714 usum
937 648 1174 713 inconstantem
1208 645 1319 713 fuisse.
1369 645 1433 710 Ex·

203 757 307 843 ceptis
332 762 439 822 autern
459 755 707 839 mathematicis,
731 753 881 840 losepbo‚
905 755 1021 837 Dione,
1046 754 1183 818 Timaeo
1198 751 1321 818 formae
1337 752 1434 818 deeli-

203 872 305 929 natae
337 863 371 928 in
403 862 621 947 frequentiore
648 860 869 949 osulfuerunt
915 861 1027 926 Dativi
1050 860 1153 925 forma
1177 859 1245 926 fere
1269 858 1434 926 sollemnis

204 970 246 1035 ab
270 969 456 1035 Aristotelis
481 976 590 1036 aetate
613 970 676 1034 boat
700 976 780 1036 erat.

668 1420 670 1423 ,
701 1331 830 1442 Caput
861 1332 937 1415 III.

295 1501 455 1580 Quoniam
479 1501 586 1586 qualis
610 1501 653 1568 sit
678 1500 876 1586 singulorum
901 1502 1094 1588 scriptorum
1117 1502 1159 1567 ab
1176 1501 1359 1567 Aristotelis
1382 1521 1433 1568 us·

206 1631 269 1695 que
293 1609 336 1675 ad
355 1610 472 1675 Dionis
497 1608 720 1694 Chrysostomi
744 1616 886 1676 aetatem
909 1628 988 1675 usus
1011 1608 1119 1674 dualis
1142 1608 1273 1693 numeri,
1298 1609 1433 1695 exposui

205 1724 238 1782 et
268 1717 430 1783 indioibus
463 1735 547 1801 quae
578 1716 657 1781 mihi
688 1717 853 1783 invenisse
883 1715 997 1783 videor
1023 1717 1113 1782 brevi
1142 1716 1328 1801 complexus
1352 1735 1432 1801 sum,

203 1832 321 1908 restat,
349 1832 398 1909 ut,
427 1830 581 1908 quantum
605 1822 733 1907 quidem
758 1824 865 1888 inme
890 1830 953 1908 est,
982 1842 1101 1888 causas
1130 1828 1162 1887 et
1186 1822 1372 1889 emorientis
1401 1831 1433 1888 et

205 1931 428 1997 reviviscentis
460 1930 583 1995 numeri
613 1930 721 1995 rimari
751 1930 910 1997 studeam.
969 1931 1017 1995 Ac
1048 1948 1167 1996 causas
1199 1928 1342 2013 quidem,
1376 1949 1434 1995 our

204 2037 312 2105 dualis
341 2057 492 2103 numerus
521 2036 608 2123 apud
637 2036 782 2103 Graecos
811 2056 851 2102 ex
879 2057 940 2103 usu
967 2037 1107 2121 venerit,
1140 2038 1204 2101 iam
1232 2037 1266 2101 in
1298 2035 1432 2102 exordio

207 2143 420 2211 adumbrasse
452 2144 531 2209 mihi
563 2142 685 2210 videor.
740 2144 825 2210 Nam
853 2164 924 2208 cum
953 2143 1060 2210 dualis
1087 2163 1238 2210 numerus
1266 2143 1352 2210 felici
1384 2151 1432 2209 at·

205 2272 268 2335 que
297 2251 535 2336 quodammodo
565 2251 751 2317 abundante
780 2253 928 2318 ubertate
955 2251 1076 2335 ingenii
1105 2260 1192 2317 ortus
1221 2251 1264 2318 sit
1291 2250 1360 2317 sive
1388 2249 1433 2315 ad

204 2378 363 2444 personas
401 2359 469 2424 sive
512 2358 556 2423 ad
597 2377 650 2425 res
693 2359 832 2444 plastice
874 2357 1077 2442 effingendas
1123 2367 1156 2424 et
1197 2357 1432 2443 depingendus,

205 2465 326 2532 iactum
350 2474 409 2545 est,
435 2472 470 2531 ut
492 2485 656 2550 nunquam
679 2466 877 2532 necessitate
902 2466 1114 2549 grammatica
1137 2466 1171 2530 in
1189 2485 1282 2531 usum
1297 2466 1430 2534 veniret

205 2570 314 2649 Quare
337 2580 413 2657 post
434 2573 607 2637 Homerum
632 2572 778 2657 exeeptis
802 2573 925 2657 poetis,
955 2572 1009 2657 qui
1037 2573 1107 2639 eius
1131 2572 1305 2639 dictionem
1329 2572 1431 2638 secuti

206 2688 294 2763 sunt,
333 2678 421 2763 apud
457 2699 576 2764 prosae
610 2678 767 2744 orationis
800 2678 975 2764 scriptores
1012 2680 1139 2745 omnino
1175 2700 1240 2745 non
1273 2679 1432 2746 invenitur

205 2792 335 2870 praeter
362 2786 499 2853 Atticos.
547 2786 612 2852 Sed
641 2806 682 2851 ne
710 2785 764 2852 hio
792 2786 921 2869 quidem
948 2784 1085 2852 florebat
1113 2786 1260 2853 omnibus
1283 2786 1431 2871 tempori·

206 2894 276 2961 bus.
310 2891 403 2970 Quae
418 2893 502 2958 enim
517 2913 581 2958 non
598 2901 673 2959 sunt
692 2894 889 2973 necessaria,
914 2901 1090 2979 temporum
1110 2893 1248 2960 decursu
1271 2893 1431 2960 occidunt.

205 3000 311 3083 Atque
340 3000 453 3085 primis
482 3007 557 3085 post
584 3000 706 3065 bellum
734 3000 1045 3086 Peloponnesiacum
1070 2999 1235 3067 decenniis
1259 3000 1367 3067 dualis
1390 3022 1432 3067 ex

207 3126 353 3173 sermone
386 3106 549 3172 cotidiano
581 3105 740 3192 paulatim
774 3107 869 3191 abiit,
901 3107 936 3172 id
968 3107 1055 3192 quod
1092 3128 1132 3174 ex
1168 3108 1431 3193 inscriptionibus

207 3220 352 3297 apparet.
393 3213 575 3299 Scriptores
599 3234 671 3280 eum
696 3214 898 3298 aliquamdiu
921 3215 1127 3298 retinuerunt,
1151 3214 1210 3281 sed
1234 3214 1431 3300 pedetentim

206 3321 338 3387 missum
362 3319 519 3405 fecerunt,
547 3322 740 3406 praesertim
771 3342 842 3387 cum
870 3322 1016 3407 plerique
1044 3342 1153 3388 eorum
1180 3342 1245 3387 non
1267 3323 1300 3387 in
1324 3323 1432 3388 Attica

206 3427 274 3491 nati
298 3435 417 3493 essent.

295 3535 363 3599 lam
387 3555 451 3618 quo
475 3533 588 3601 ordine
612 3536 761 3619 singulae
785 3535 900 3601 duales
924 3534 1046 3602 formae
1074 3536 1267 3621 interierint,
1296 3556 1431 3620 quaera-

206 3660 287 3707 mus.
334 3639 429 3718 Quod
452 3640 549 3707 facile
573 3642 759 3708 coniectura
784 3663 1010 3726 assequemur,
1039 3644 1066 3710 si
1095 3664 1178 3727 quae
1206 3643 1302 3710 fuerit
1325 3643 1432 3710 dualis

205 3748 256 3813 vis
279 3748 443 3833 primaria,
468 3756 544 3813 ante
568 3749 679 3815 oculos
703 3749 1024 3835 nobisposuerimus.
1059 3750 1150 3816 Haeo
1169 3760 1277 3816 autem
1292 3751 1433 3833 genuina

207 3854 276 3919 eius
310 3854 505 3938 significatio
538 3855 667 3921 videtur
699 3877 786 3941 esse,
815 3865 851 3922 ut
879 3856 961 3923 duas
988 3878 1146 3943 personas
1174 3857 1226 3924 vel
1253 3877 1320 3943 res,
1349 3878 1434 3942 quae

207 3960 290 4025 inter
318 3980 353 4027 se
381 3962 607 4046 qualicumque
635 3963 762 4030 ratione
791 3964 984 4031 coniunctae
1011 3973 1100 4049 sunt,
1131 3985 1197 4030 una
1224 3964 1327 4030 forma
1350 3986 1433 4030 com·

207 4063 411 4151 prehendens
434 4076 599 4153 tamquam
623 4069 664 4133 ad
690 4072 848 4136 unitatem
866 4071 1033 4156 perducat.
1065 4071 1160 4139 Unde
1178 4078 1316 4157 apparet
1327 4073 1434 4157 magis

206 4172 389 4240 nominibus
404 4195 500 4258 quam
515 4177 624 4243 verbis
639 4176 709 4243 eius
724 4177 888 4245 notionem
902 4178 1032 4243 infixam
1045 4178 1188 4246 haerere.
1208 4180 1246 4243 In
1259 4179 1325 4246 illis
1340 4179 1433 4264 enim,

206 4277 363 4363 imprimis
386 4282 418 4346 in
446 4283 573 4367 parium
601 4284 816 4349 membrorum
847 4284 1147 4368 significationibus,
1180 4294 1246 4352 tum
1273 4286 1307 4351 in
1335 4286 1434 4351 omni·

209 4386 267 4452 bus
290 4388 439 4471 personis
462 4389 514 4454 vel
538 4391 635 4456 rebus
662 4411 746 4475 quae
776 4391 944 4458 coniuncte
973 4393 1096 4476 aliquid
1124 4402 1238 4477 agunt,
1266 4394 1298 4458 in
1326 4394 1434 4460 verbis

206 4502 315 4559 autem
347 4515 418 4559 oum
451 4499 682 4578 congruentiae
719 4499 860 4583 partium
894 4500 1051 4567 orationis
1085 4520 1185 4566 causa
1221 4509 1289 4566 tum
1319 4502 1353 4567 in
1386 4503 1434 4568 eis

206 4600 322 4683 quibus
347 4601 556 4668 societatis
579 4605 629 4669 vis
653 4606 746 4688 inest,
769 4605 822 4670 vel
839 4625 933 4691 qnae,
956 4620 991 4671 ut
1007 4608 1108 4672 verba
1128 4607 1254 4692 eundi,
1277 4629 1434 4693 personas

205 4716 344 4790 agentes
367 4708 460 4774 nobis
484 4717 561 4774 ante
584 4711 697 4778 oculos
720 4720 855 4797 ponunt,
881 4711 1178 4798 adhiberipoterat.
1212 4716 1249 4781 In
1264 4715 1435 4784 adiectivis
