3552 5370
800 469 840 535 21

200 666 291 734 sunt‘
321 663 543 749 (Heibergius,
570 662 674 750 praef.
701 660 752 730 ed.
776 670 851 730 tom.
874 658 891 729 Ῑ
912 680 945 750 p.
968 662 1041 747 IX).
1087 662 1179 729 Idem
1206 663 1325 748 probet
1346 662 1438 730 loons

204 770 260 840 ilie
284 766 326 838 de
349 771 478 858 sphaer.
501 778 535 838 et
559 770 622 857 oyl.
647 771 710 837 dei
735 770 765 856 6,
789 773 819 856 8,
846 773 887 838 19
919 768 951 844 ἐξ
975 767 1087 859 ἀμφοῖν
1109 775 1307 836 possesorem.
1353 764 1439 837 Nem

200 881 313 947 dualis
336 880 460 946 formae
484 888 516 946 et
539 879 689 945 vocabuli
711 878 804 967 ἄμφω
826 898 905 944 usus
931 878 1074 944 olamant
1090 877 1176 944 huno
1195 871 1312 943 iibrnm
1325 870 1437 943 Archi-

201 982 309 1054 medis
332 1002 405 1054 esso
428 1004 493 1052 non
515 1004 624 1072 posse.
641 1018 686 1034 -
700 984 852 1052 Ceterum
875 984 1046 1069 genetivus
1069 986 1122 1051 oto
1145 976 1256 1051 deeies
1280 984 1436 1069 quoter¹)‚

204 1093 334 1162 dativus
361 1092 429 1160 ieri
456 1090 588 1179 semel')
620 1092 654 1158 in
687 1092 769 1158 libro
802 1090 844 1158 de
877 1090 1008 1177 spheer.
1042 1094 1074 1158 et
1105 1091 1170 1177 eyl.
1204 1088 1357 1174 ooeurrit3
1394 1080 1437 1157 (ie

199 1200 404 1269 dimensione
428 1194 540 1267 oirouli
562 1192 693 1266 libellus
716 1198 796 1265 nihil
818 1199 964 1285 praebet,
988 1197 1077 1283 quod
1100 1197 1162 1265 hue
1186 1203 1319 1285 spectet,

508 1361 585 1442 68.
631 1359 687 1426 De
710 1359 920 1445 Apollonio
944 1359 1130 1442 Pergase

292 1484 525 1572 Apollonius
561 1484 761 1569 Pergaeus
799 1490 833 1550 et
868 1483 1000 1551 dnolem
1040 1492 1075 1550 et
1109 1483 1202 1572 ἄμφω
1242 1482 1436 1550 voeatumm

197 1593 295 1677 fugit.
343 1595 395 1658 866
418 1608 477 1676 pro
499 1590 653 1675 genetivo
677 1592 788 1658 trieies
812 1589 1026 1675 quinquietp,
1054 1606 1114 1676 pro
1141 1588 1253 1656 dativo
1277 1590 1360 1674 nis⁴)
1387 1590 1436 1656 in·

198 1700 336 1784 renitor,
359 1699 531 1783 genetivus
554 1700 631 1764 δυοῖν
653 1696 745 1782 tor,⁶)
769 1697 900 1764 dativus
922 1698 991 1764 δυσί
1014 1696 1146 1779 semem
1169 1696 1297 1782 legitur.

621 1858 695 1940 69.
740 1858 797 1925 De
820 1850 1019 1944 Hypsicle.

289 1964 387 2050 Apud
418 1964 645 2051 Hypsiclem
676 1964 791 2030 duoles
823 1964 947 2031 formae
980 1968 1012 2032 et
1038 1964 1130 2054 ἄμφω
1158 1962 1352 2031 vocabulum
1380 1964 1435 2032 de·

196 2079 286 2139 sunt.
334 2073 386 2137 iio
409 2092 468 2156 pro
492 2072 643 2156 genetivo
667 2072 823 2156 quater⁷),
848 2070 994 2137 dativum
1017 2071 1111 2153 δοσίθ)
1136 2072 1237 2138 semei
1259 2071 1379 2140 inveni

291 2178 330 2244 In
354 2181 449 2265 λόγῳ
472 2179 701 2268 ἀναφορικῷ,
729 2179 784 2262 qui
812 2176 990 2244 aMonltio
1020 2174 1093 2262 (des
1115 2176 1290 2263 Hypsicles
1314 2177 1435 2245 Sebrift

198 2287 400 2373 ἀναφορικός,
432 2306 627 2371 programm.
660 2284 778 2351 Dresd.
805 2286 904 2367 1888)
938 2284 1014 2352 huie
1045 2284 1197 2371 scriptori
1228 2285 1434 2352 ebiudioatur

197 2400 233 2460 et
260 2400 336 2458 ante
364 2413 482 2458 annum
511 2391 676 2459 01111Χ11111
705 2413 736 2460 a.
765 2392 801 2458 0.
831 2393 972 2478 soriptns
1000 2408 1075 2459 esse
1103 2388 1229 2476 dieitur,
1262 2393 1433 2476 genetivus

194 2503 251 2566 oto
275 2499 354 2582 ter⁹)
378 2507 495 2585 exstat,
519 2499 578 2567 sed
592 2500 672 2566 nihil
686 2498 787 2585 aliud,
812 2500 899 2584 quod
914 2499 958 2565 ad
972 2498 1080 2566 dualis
1096 2519 1189 2567 usum
1202 2499 1431 2566 illustrandum
1484 2496 1487 2502 ’

196 2608 370 2693 pertineat,
395 2607 544 2675 occurrit.

289 2713 435 2778 Transeo
459 2713 503 2778 ad
526 2712 751 2780 historicos.

435 2876 455 2954 6
480 2876 532 2942 10.
579 2872 635 2940 De
658 2872 889 2958 fragmentis
911 2872 1198 2940 historicorum.

287 2995 325 3061 In
363 2995 592 3082 fragmentis
629 2997 907 3065 historicorum
939 2999 981 3064 ab
1014 2998 1199 3066 Aristotelis
1232 3000 1431 3085 temporibus

196 3123 301 3187 usque
324 3103 368 3168 ad
390 3104 531 3170 medium
547 3104 712 3171 saeculum
732 3103 909 3172 seeundum
924 3124 955 3174 a.
971 3104 1005 3173 0.
1020 3104 1088 3172 fere
1101 3105 1211 3173 nullae
1224 3106 1431 3173 inveniuntur

193 3210 329 3294 r'ormae,
349 3232 433 3296 quae
452 3210 522 3278 iure
541 3211 677 3297 proferri
690 3212 827 3298 possint
854 3212 938 3279 Nam
952 3211 985 3277 in
1000 3212 1267 3297 Megasthenis
1281 3212 1375 3297 irgm.
1388 3216 1429 3280 13

193 3318 326 3399 (Mulier
352 3318 445 3402 frgm.
472 3318 547 3387 nise
575 3334 683 3402 groeo.
712 3318 800 3405 Hp.
822 3320 917 3385 4l2e
940 3320 974 3401 2)
1006 3324 1061 3386 eoi
1088 3324 1265 3407 perversae
1294 3327 1430 3408 σοννόμω

289 3494 309 3561 ¹)
332 3497 367 3551 de
385 3492 493 3566 sphaer.
513 3502 542 3552 et
560 3498 612 3566 eyl.
636 3497 649 3551 I
672 3497 725 3553 def.
751 3498 777 3561 2,
797 3498 822 3561 6,
842 3499 884 3552 19.
921 3499 947 3563 8,
967 3492 992 3552 7.
1028 3496 1179 3564 3,14,20.
1215 3498 1366 3563 4,18,14.
1403 3498 1430 3563 5,

193 3585 238 3651 20,
259 3584 301 3639 16.
347 3585 373 3651 6,
391 3584 435 3650 22,
454 3585 498 3640 24.
544 3586 587 3649 24,
607 3586 649 3641 18.
699 3586 739 3651 13,
757 3587 801 3653 80,
821 3588 863 3642 18.
909 3584 1097 3654 42,178,15.
1141 3587 1186 3652 44,
1206 3586 1265 3653 182,
1285 3588 1310 3642 8.
1353 3587 1381 3641 Π
1405 3589 1430 3651 1,

195 3674 256 3739 192,
275 3674 301 3728 6.
337 3673 363 3753 4,
382 3673 443 3739 214,
463 3675 506 3728 21.
542 3676 567 3741 5,
587 3675 648 3740 222,
668 3675 713 3730 26.
750 3676 776 3741 6,
795 3676 857 3741 228,
877 3678 902 3731 9.

287 3760 309 3825 ²)
332 3762 366 3817 de
384 3763 494 3834 spheer.
513 3767 542 3818 et
560 3763 613 3832 epi.
634 3764 647 3818 Ι
665 3765 708 3830 48,
728 3765 788 3831 180,
810 3765 851 3819 15.
1411 3810 1416 3826 .

287 3850 308 3920 ⁸)
331 3852 451 3907 corriel
471 3853 585 3918 1,6,8.
613 3854 960 3919 5,8,1.7.12.14.18.
991 3855 1033 3919 10,
1053 3854 1096 3919 38,
1116 3854 1158 3908 18.
1188 3854 1230 3921 14,
1250 3856 1294 3918 52,
1313 3855 1356 3910 23.
1384 3856 1428 3922 23,

191 3942 237 4005 76,
256 3942 301 3997 28.
345 3943 388 4008 25,
408 3943 451 4008 80,
472 3941 497 3995 7.
518 3943 558 3998 ll.
605 3943 836 4009 39,118,9.13.
882 3943 1131 4009 40,120,15.20.
1172 3944 1342 4010 53,184,7.
1384 3945 1428 4010 54,

195 4026 255 4090 166,
274 4033 299 4084 2.
341 4028 528 4096 55,172,17.
571 4032 614 4097 58,
635 4032 696 4097 174,
714 4034 757 4087 23.
800 4033 969 4099 57,182,5.
1011 4032 1196 4099 5818228.
1240 4034 1428 4101 59,184,25.

195 4114 255 4182 186,
274 4119 298 4172 9.
337 4120 379 4185 60,
400 4121 460 4187 188,
479 4118 524 4176 22.
544 4121 587 4177 25.
625 4119 685 4187 188,
706 4120 748 4177 10.
769 4123 810 4177 19.
848 4122 874 4177 11
893 4124 919 4188 4,
939 4123 1000 4189 198,
1018 4118 1062 4177 26.
1100 4123 1143 4189 24,
1162 4120 1224 4189 236,
1244 4125 1269 4178 8.
1303 4123 1347 4190 25,
1366 4120 1428 4190 238,

194 4207 218 4261 1.
256 4206 295 4261 [v
313 4220 390 4277 prop.
411 4212 452 4264 15.
473 4211 578 4266 1826.
598 4211 642 4266 47.
661 4211 705 4266 48.

287 4293 307 4360 4)
330 4297 415 4351 eonio.
434 4298 469 4365 11,
488 4300 532 4365 24,
552 4300 612 4366 288,
632 4301 657 4355 6.
695 4302 738 4366 47,
757 4300 822 4365 270,
838 4300 880 4355 21.

285 4383 307 4452 ⁶)
330 4384 415 4441 eonio.
434 4387 456 4451 1,
476 4389 519 4453 86,
541 4390 599 4453 108,
619 4390 645 4444 9.
665 4391 707 4444 17.
744 4389 791 4454 IV,
810 4389 854 4444 86.

284 4473 307 4540 ⁸)
330 4474 415 4529 oonie
434 4475 483 4540 III,
504 4478 545 4543 18,
564 4478 626 4542 840,
645 4478 670 4536 3.

285 4558 305 4627 ²)
329 4563 363 4618 el.
382 4562 442 4628 XV,
462 4565 505 4629 42,
524 4566 566 4619 19.
604 4567 710 4632 54,19.
747 4567 791 4631 58,
810 4567 835 4621 2.
873 4568 915 4634 64,
935 4568 960 4623 5.

282 4650 306 4720 θ)
329 4652 363 4708 el.
382 4648 455 4717 XIV,
476 4654 517 4720 16,
537 4654 563 4709 4.

281 4740 304 4810 9)
328 4760 393 4813 pag.
413 4743 438 4809 3,
458 4743 502 4798 33.
539 4745 565 4810 5,
586 4744 627 4798 10.
647 4745 690 4799 22.
710 4745 751 4801 ed.
772 4744 872 4800 Menit.
