3552 5370
817 463 860 529 35

264 658 382 726 Artax.
407 659 438 743 b,
463 659 484 724 3
507 668 570 725 ταῖν
593 667 695 745 χεροῖν
716 655 874 742 διιολαβιθν

265 764 312 832 de
333 766 390 832 lib.
414 764 508 833 educ.
535 768 577 832 10
592 786 630 853 p.
653 765 709 832 8A
731 766 810 831 δυεῖν
832 764 923 831 ὄντοιν
946 774 1005 830 τοῖν
1028 770 1171 852 μεγίστοιν
1195 764 1323 846 ἀγαθοῖν

265 871 311 937 de
335 872 428 941 amic.
450 872 540 937 mult.
564 874 585 939 6
607 894 639 958 p.
665 872 741 939 95ss
764 871 824 937 ἀτδ
847 873 924 937 δυεῖν
947 881 1046 958 χεροῖν

271 978 312 1045 de
336 979 499 1065 superstit.
523 982 544 1047 8
568 999 599 1064 p.
625 978 721 1047 168E
743 983 785 1044 τὼ
807 989 893 1066 χεῖρε
916 980 1005 1066 δησαι

269 1085 310 1152 de
334 1094 459 1171 tranqn.
484 1086 580 1151 anim.
607 1089 649 1154 10
671 1106 703 1171 p.
727 1086 828 1153 471A
851 1089 931 1152 δυοῖν
954 1087 1082 1172 χαλκοῖν
1106 1082 1126 1173 ἡ
1151 1086 1244 1173 χοῖνιξ

268 1192 311 1261 de
334 1214 409 1260 sera
430 1213 515 1259 num.
539 1192 627 1260 vind.
654 1196 695 1260 14
717 1213 749 1278 p.
774 1192 873 1260 558E
895 1198 936 1257 τὼ
958 1193 1032 1258 τόδε
1055 1196 1222 1280 βρέχοντας

264 1307 394 1386 quaest.
408 1320 499 1368 conv.
516 1304 547 1381 2,
556 1303 588 1378 4,
603 1305 618 1366 1
635 1319 667 1386 p.
678 1300 777 1367 6385
798 1305 892 1385 τοὺτιρ
910 1304 967 1386 γὰρ
985 1302 1114 1387 μάλιστα
1131 1313 1172 1385 τῷ
1187 1306 1268 1388 μέρει
1280 1309 1339 1365 τοῖν
1353 1309 1453 1386 χεροῖν

482 1409 513 1491 9,
531 1408 582 1489 15,
598 1409 618 1473 2
636 1429 668 1493 p.
680 1406 776 1474 7480
799 1410 986 1493 παρακαλεῖν
1009 1413 1050 1472 τὼ
1072 1418 1155 1494 χεῖρε
1178 1410 1231 1471 καὶ
1253 1411 1294 1470 τὼ
1316 1409 1388 1471 πόδε

264 1520 393 1599 ἠιιιιθεῖ,
415 1514 498 1582 Plat.
522 1517 553 1594 2,
579 1517 600 1581 2
622 1536 652 1601 p.
679 1514 796 1582 10010
819 1517 894 1580 δυεῖν
917 1514 1023 1591 ὄντοιν,
1047 1513 1079 1586 ἐξ
1103 1512 1159 1581 ὧν.
1173 1564 1204 1581 ..

265 1621 310 1688 de
333 1641 445 1687 comm.
470 1628 534 1686 not.
560 1622 603 1688 25
626 1642 657 1707 p.
684 1621 803 1689 lotoe
826 1623 905 1687 δυοῖν
927 1632 1033 1687 κακοῖν

265 1748 331 1794 non
355 1747 453 1812 posse
476 1748 566 1797 suar.
593 1730 634 1794 14
656 1748 689 1812 ρ.
717 1727 834 1795 robob
858 1730 936 1793 δυοῖν
961 1726 1065 1793 ὄντοιν.

311 1835 402 1900 Eum.
430 1838 481 1920 11,
507 1836 548 1902 15
577 1838 652 1901 διοῖν
677 1835 804 1900 σταδίοιν
828 1842 860 1901 et
882 1835 994 1920 Pomp.
1017 1835 1071 1913 54,
1095 1836 1139 1901 35
1171 1835 1249 1900 δυοῖν
1278 1844 1380 1922 μηνοῖν
1404 1852 1450 1898 re·

219 1942 358 2010 ‘sinenda
381 1950 470 2025 sunt,
500 1962 571 2008 cum
594 1948 718 2008 tantum
740 1941 774 2006 in
797 1941 888 2007 libris
912 1940 1125 2008 deterioribus
1149 1943 1273 2007 σταδίων
1296 1948 1329 2007 et
1352 1953 1452 2030 μηνῶν

223 2050 358 2135 legatur.
414 2049 558 2135 Pompei.
583 2052 636 2132 53,
658 2051 701 2116 41
731 2049 809 2113 δυοῖν
837 2048 951 2133 ἀνδροῖν
980 2068 1045 2114 non
1073 2068 1145 2114 cum
1168 2048 1212 2113 pa
1234 2048 1261 2113 F
1284 2047 1451 2116 codicibus

222 2159 256 2222 in
280 2157 389 2246 ἀμφοῖν
411 2155 596 2222 mutandum
621 2156 855 2239 enusquisque
882 2154 980 2221 videt.
1030 2154 1124 2221 Caes.
1147 2157 1201 2239 31,
1226 2158 1247 2222 3
1276 2159 1353 2242 μετὰ
1376 2158 1450 2222 δυεῖν

220 2270 378 2352 ταγμάτων
406 2263 509 2329 forma
536 2263 682 2347 vulgaris
710 2260 839 2329 facilius
868 2262 943 2328 oriri
971 2270 1100 2348 poterat
1128 2283 1169 2329 ex
1192 2265 1269 2330 δυοῖν
1294 2269 1450 2351 ταγμάτοιν

221 2372 344 2439 codicis
368 2372 406 2450 Ο,
435 2391 530 2454 quam
559 2371 761 2436 contrarium.
808 2367 916 2447 Quare
940 2372 1017 2435 δυοῖν
1040 2377 1200 2458 ταγμάτοιν
1223 2391 1297 2437 mea
1320 2369 1449 2455 quidem

220 2480 385 2546 sententia
402 2477 621 2564 reponendum
640 2486 699 2546 est.
739 2477 790 2543 De
809 2497 883 2543 sera
901 2497 987 2542 num.
1002 2476 1091 2545 vind.
1107 2479 1128 2544 2
1151 2499 1182 2564 p.
1197 2472 1362 2546 utente
1377 2482 1450 2544 πόδε

219 2595 346 2651 tantum
360 2605 381 2650 a
394 2585 555 2671 prioribus
570 2583 748 2650 editoribus
765 2583 941 2650 secundum
958 2584 1062 2649 locum
1078 2584 1280 2651 consimilem
1304 2584 1449 2651 eiusdem

221 2692 296 2757 libri
323 2694 364 2758 14
386 2714 417 2777 p.
432 2692 531 2759 53311
545 2692 700 2758 insertum
723 2698 787 2766 est3
812 2689 1032 2756 Bemardalris
1055 2692 1123 2756 iure
1148 2691 1278 2758 exulare
1300 2692 1405 2761 iussit.

310 2799 437 2865 Desunt
455 2799 554 2882 igitur
567 2797 675 2864 dualis
689 2799 869 2877 verborum,
894 2805 927 2863 et
944 2798 1068 2883 primae
1083 2797 1311 2865 declinationis
1326 2797 1448 2865 formae

221 2905 254 2969 in
278 2927 330 2988 -ας
360 2904 488 2973 articuli
511 2924 638 2988 quoque
661 2903 765 2969 forma
787 2904 821 2969 in
845 2924 964 2988 genere
992 2903 1144 2970 feminino
1172 2907 1448 2972 nom-accusativi

221 3012 310 3077 nulla
333 3011 397 3078 nisi
420 3013 596 3078 communis
618 3016 659 3076 τω
682 3018 799 3079 exstat.
837 3035 900 3077 -αιν
922 3012 1101 3098 reperimus
1120 3018 1245 3077 tantum
1264 3012 1296 3076 in
1312 3012 1449 3078 formula

218 3129 282 3185 ταῖν
304 3122 401 3204 θεαῖν,
425 3139 489 3203 qua
503 3125 650 3204 utsupra
664 3130 708 3205 tp.
723 3117 780 3206 24)
796 3129 856 3184 τοῖν
868 3122 950 3184 θεοῖν
966 3126 998 3185 et
1012 3119 1097 3184 inira
1119 3124 1160 3184 rb
1175 3122 1239 3183 θεὼ
1254 3118 1336 3201 (Alc.
1354 3122 1403 3204 19,
1414 3122 1448 3202 9)

219 3226 320 3292 Ουτοι
345 3233 377 3291 et
399 3226 596 3312 Proserpina
619 3225 853 3311 significantur.
898 3225 1036 3291 Articuli
1063 3225 1166 3291 forma
1194 3232 1226 3290 et
1248 3235 1311 3292 ταῖν
1335 3233 1367 3292 et
1389 3236 1447 3292 τοῖν

218 3332 383 3399 scribitur:
417 3343 483 3399 ταῖν
511 3342 641 3417 praeter
671 3333 840 3399 formulam
868 3352 964 3415 quam
991 3331 1087 3398 modo
1116 3332 1448 3399 commemoravimus

218 3442 306 3503 θεαῖν
336 3439 464 3521 (Timol.
488 3443 518 3517 8,
545 3442 576 3521 1)
607 3440 706 3507 Arist.
733 3443 860 3524 17,14.
907 3440 1024 3507 Anton.
1050 3441 1102 3517 tu,
1129 3441 1179 3506 11.
1223 3438 1336 3508 Artax.
1359 3440 1390 3519 5,
1414 3441 1446 3523 3,

217 3555 280 3610 τοῖν
302 3545 393 3613 Aem.
419 3545 510 3610 Paul.
530 3548 650 3629 25,10.
689 3552 813 3629 quaest.
830 3565 920 3611 conv.
946 3549 976 3622 2,
992 3549 1058 3624 4,1
1083 3567 1115 3630 p.
1131 3546 1238 3613 occu
1277 3544 1447 3612 Secundae

220 3652 448 3718 declinationis
477 3651 580 3717 forma
607 3654 641 3718 in
668 3678 710 3717 -ω
737 3673 801 3717 non
829 3652 987 3737 reperitur
1009 3653 1073 3719 nisi
1096 3653 1129 3718 in
1151 3651 1289 3718 formula
1316 3657 1383 3739 περὶ
1403 3659 1446 3718 τὼ

221 3764 287 3826 θεώ
316 3758 387 3827 Alc.
414 3762 463 3833 19,
487 3761 508 3826 9
533 3760 645 3837 (Ceres
670 3767 702 3825 et
724 3757 936 3845 Proserpina)
966 3780 1007 3825 ex
1035 3760 1242 3825 accusatione
1265 3759 1446 3827 Alcibiadis

217 3869 346 3951 (22,14
370 3865 480 3932 ἀδικεῖν
503 3871 569 3951 περὶ
591 3873 632 3930 τὼ
655 3870 730 3942 θεώ,
753 3870 810 3953 την
825 3865 990 3955 Δήμητραν
1012 3871 1065 3931 καί
1087 3871 1141 3953 τὴν
1165 3865 1284 3954 Κόρην)
1307 3868 1446 3952 repetita

217 3978 252 4037 et
279 3975 312 4037 in
340 3973 511 4040 adiectivis
541 3972 670 4057 ἀνεγγίιυ
692 3978 745 4039 καὶ
772 3979 879 4040 σκοτίω
906 3974 1004 4040 Thes.
1027 3976 1057 4057 2,
1082 3975 1113 4057 2,
1143 3993 1226 4057 quae
1253 3972 1445 4040 Plutarchus

218 4077 371 4164 fortasse,
399 4088 435 4146 ut
461 4080 562 4147 rerba
592 4082 760 4164 sequentia
788 4102 829 4147 ex
855 4081 1010 4166 Homero,
1039 4078 1171 4146 aliunde
1198 4079 1322 4146 libavit
1367 4082 1444 4146 'Per-

219 4183 406 4254 minaticnis
420 4212 479 4253 -οιν
495 4187 659 4255 secundae
675 4187 900 4254 declinationis
921 4188 1091 4272 genetivus
1110 4194 1143 4253 et
1157 4187 1443 4254 substantivorum:

217 4293 355 4369 σταδίοιν,
378 4298 516 4380 χαλκοῖν,
543 4306 659 4374 κακοῖν,
688 4296 825 4380 ἀγαθοῖν,
855 4295 1033 4361 ἀκολοίιθοιν
1058 4303 1090 4360 et
1113 4293 1361 4360 adiectivorum:
1390 4319 1444 4381 με·

215 4410 324 4482 γῖστοιν
352 4408 384 4465 et
410 4403 590 4489 participii:
623 4407 877 4491 προστιθεμένων,
913 4402 1029 4469 tertiae
1061 4400 1288 4467 declinationis
1320 4400 1444 4468 formae

219 4508 251 4572 in
274 4532 288 4571 ε
311 4528 479 4574 nom-acc.
501 4521 586 4596 χεῖρε
610 4518 669 4595 ter,
693 4513 766 4577 τόδε
790 4518 905 4595 quater
928 4518 960 4576 et
983 4508 1137 4593 gen-dat.
1160 4508 1441 4576 inconsistent:

217 4617 375 4698 βασιλέοιν,
399 4625 511 4702 μηνοῖν,
535 4625 702 4704 ταγμάτοιν,
725 4630 825 4706 χεροῖν
842 4617 964 4701 novics,
989 4617 1120 4700 ἀγώνοιν,
1146 4615 1261 4701 ἀνδροῖν
1279 4623 1311 4680 ct
1328 4615 1442 4701 partic.

215 4722 307 4790 ὄντοιν
330 4729 380 4788 ter
401 4722 615 4792 inveniuntur.

1249 4830 1281 4883 3ss
