<?xml version="1.0" encoding="UTF-8"?>
<!DOCTYPE html PUBLIC "-//W3C//DTD XHTML 1.0 Transitional//EN"
    "http://www.w3.org/TR/xhtml1/DTD/xhtml1-transitional.dtd">
<html xmlns="http://www.w3.org/1999/xhtml" xml:lang="en" lang="en">
 <head>
  <title>
</title>
<meta http-equiv="Content-Type" content="text/html;charset=utf-8" />
  <meta name='ocr-system' content='tesseract 3.04.00' />
  <meta name='ocr-capabilities' content='ocr_page ocr_carea ocr_par ocr_line ocrx_word'/>
</head>
<body>
  <div class='ocr_page' id='page_1' title='image "./dedualigraecoru00schmgoog_0047.png"; bbox 0 0 3552 5370; ppageno 0'>
   <div class='ocr_carea' id='block_1_1' title="bbox 905 462 949 528">
    <p class='ocr_par' dir='ltr' id='par_1_1' title="bbox 905 462 949 528">
     <span class='ocr_line' id='line_1_1' title="bbox 905 462 949 528; baseline 0.023 -1"><span class='ocrx_word' id='word_1_1' title='bbox 905 462 949 528; x_wconf 76' lang='lat'><strong>28</strong></span> 
     </span>
    </p>
   </div>
   <div class='ocr_carea' id='block_1_2' title="bbox 307 654 1547 1383">
    <p class='ocr_par' dir='ltr' id='par_1_2' title="bbox 307 654 1547 1383">
     <span class='ocr_line' id='line_1_2' title="bbox 307 654 1547 743; baseline 0.002 -22"><span class='ocrx_word' id='word_1_2' title='bbox 307 655 547 723; x_wconf 84' lang='lat' dir='ltr'><strong>demonstravit</strong></span> <span class='ocrx_word' id='word_1_3' title='bbox 570 655 685 722; x_wconf 85' lang='lat' dir='ltr'><strong>Sehott</strong></span> <span class='ocrx_word' id='word_1_4' title='bbox 707 656 857 742; x_wconf 78' lang='lat' dir='ltr'><strong>(Dionys.</strong></span> <span class='ocrx_word' id='word_1_5' title='bbox 875 654 949 722; x_wconf 86' lang='lat' dir='ltr'><strong>Hal.</strong></span> <span class='ocrx_word' id='word_1_6' title='bbox 974 674 1028 723; x_wconf 86' lang='lat' dir='ltr'><strong>ars</strong></span> <span class='ocrx_word' id='word_1_7' title='bbox 1052 655 1169 726; x_wconf 83' lang='lat' dir='ltr'><strong>rhetor.</strong></span> <span class='ocrx_word' id='word_1_8' title='bbox 1194 654 1414 743; x_wconf 81' lang='lat' dir='ltr'><strong>Lips.1804).</strong></span> <span class='ocrx_word' id='word_1_9' title='bbox 1452 656 1547 736; x_wconf 78' lang='lat' dir='ltr'><strong>Quod</strong></span> 
     </span>
     <span class='ocr_line' id='line_1_3' title="bbox 312 758 1546 849; baseline 0.002 -20"><span class='ocrx_word' id='word_1_10' title='bbox 312 763 541 849; x_wconf 86' lang='lat' dir='ltr'><strong>eomprobatur</strong></span> <span class='ocrx_word' id='word_1_11' title='bbox 577 761 686 829; x_wconf 86' lang='lat' dir='ltr'><strong>dualis</strong></span> <span class='ocrx_word' id='word_1_12' title='bbox 725 782 795 830; x_wconf 86' lang='lat' dir='ltr'><strong>usn.</strong></span> <span class='ocrx_word' id='word_1_13' title='bbox 855 764 969 830; x_wconf 78' lang='lat' dir='ltr'><strong>meunt</strong></span> <span class='ocrx_word' id='word_1_14' title='bbox 1006 763 1094 830; x_wconf 90' lang='lat' dir='ltr'><strong>enim</strong></span> <span class='ocrx_word' id='word_1_15' title='bbox 1128 764 1162 830; x_wconf 92' lang='lat' dir='ltr'><strong>in</strong></span> <span class='ocrx_word' id='word_1_16' title='bbox 1198 764 1260 829; x_wconf 88' lang='lat' dir='ltr'><strong>hoe</strong></span> <span class='ocrx_word' id='word_1_17' title='bbox 1306 758 1417 831; x_wconf 88' lang='lat' dir='ltr'><strong>libello</strong></span> <span class='ocrx_word' id='word_1_18' title='bbox 1462 760 1546 832; x_wconf 80' lang='lat' dir='ltr'><strong>haee</strong></span> 
     </span>
     <span class='ocr_line' id='line_1_4' title="bbox 309 870 477 956; baseline 0.012 -20"><span class='ocrx_word' id='word_1_19' title='bbox 309 870 477 956; x_wconf 80' lang='lat' dir='ltr'><strong>exempla:</strong></span> 
     </span>
     <span class='ocr_line' id='line_1_5' title="bbox 495 974 1377 1066; baseline -0.003 -21"><span class='ocrx_word' id='word_1_20' title='bbox 495 976 526 1063; x_wconf 80' lang='lat'><strong>2,</strong></span> <span class='ocrx_word' id='word_1_21' title='bbox 551 978 572 1043; x_wconf 74' lang='grc'>3</span> <span class='ocrx_word' id='word_1_22' title='bbox 595 996 626 1063; x_wconf 90' lang='lat' dir='ltr'><strong>p.</strong></span> <span class='ocrx_word' id='word_1_23' title='bbox 649 978 716 1045; x_wconf 75' lang='lat'><strong>236</strong></span> <span class='ocrx_word' id='word_1_24' title='bbox 744 978 903 1043; x_wconf 66' lang='grc' dir='ltr'><strong>κοινωνίαν</strong></span> <span class='ocrx_word' id='word_1_25' title='bbox 925 974 1004 1043; x_wconf 70' lang='grc' dir='ltr'><strong>δυοῖν</strong></span> <span class='ocrx_word' id='word_1_26' title='bbox 1028 986 1089 1044; x_wconf 81' lang='grc' dir='ltr'><strong>τοῖν</strong></span> <span class='ocrx_word' id='word_1_27' title='bbox 1113 982 1377 1066; x_wconf 77' lang='grc' dir='ltr'><strong>προοφυρυτάτυιν</strong></span> 
     </span>
     <span class='ocr_line' id='line_1_6' title="bbox 500 1083 1016 1170; baseline -0.004 -18"><span class='ocrx_word' id='word_1_28' title='bbox 500 1085 531 1169; x_wconf 79' lang='grc'><strong>3,</strong></span> <span class='ocrx_word' id='word_1_29' title='bbox 558 1087 576 1151; x_wconf 93' lang='lat'>1</span> <span class='ocrx_word' id='word_1_30' title='bbox 600 1102 632 1170; x_wconf 86' lang='lat' dir='ltr'><strong>p.</strong></span> <span class='ocrx_word' id='word_1_31' title='bbox 654 1085 720 1152; x_wconf 73' lang='lat'><strong>243</strong></span> <span class='ocrx_word' id='word_1_32' title='bbox 747 1083 824 1170; x_wconf 80' lang='grc' dir='ltr'>ἱεραὶ</span> <span class='ocrx_word' id='word_1_33' title='bbox 846 1094 908 1150; x_wconf 82' lang='grc' dir='ltr'><strong>τοῖν</strong></span> <span class='ocrx_word' id='word_1_34' title='bbox 931 1086 1016 1150; x_wconf 74' lang='grc' dir='ltr'><strong>θεοῖν</strong></span> 
     </span>
     <span class='ocr_line' id='line_1_7' title="bbox 499 1188 947 1277; baseline -0.009 -18"><span class='ocrx_word' id='word_1_35' title='bbox 499 1194 531 1275; x_wconf 88' lang='grc'><strong>6,</strong></span> <span class='ocrx_word' id='word_1_36' title='bbox 558 1194 575 1258; x_wconf 94' lang='lat' dir='ltr'><strong>l</strong></span> <span class='ocrx_word' id='word_1_37' title='bbox 600 1210 631 1277; x_wconf 86' lang='lat' dir='ltr'><strong>p.</strong></span> <span class='ocrx_word' id='word_1_38' title='bbox 655 1192 720 1258; x_wconf 75' lang='lat'><strong>259</strong></span> <span class='ocrx_word' id='word_1_39' title='bbox 749 1195 823 1276; x_wconf 78' lang='grc' dir='ltr'><strong>πρὸς</strong></span> <span class='ocrx_word' id='word_1_40' title='bbox 846 1188 947 1257; x_wconf 73' lang='grc' dir='ltr'><strong>αὐτοῖν</strong></span> 
     </span>
     <span class='ocr_line' id='line_1_8' title="bbox 598 1280 1027 1383; baseline 0 -17"><span class='ocrx_word' id='word_1_41' title='bbox 598 1280 630 1383; x_wconf 80' lang='lat' dir='ltr'><strong>p.</strong></span> <span class='ocrx_word' id='word_1_42' title='bbox 656 1300 723 1366; x_wconf 83' lang='lat'><strong>260</strong></span> <span class='ocrx_word' id='word_1_43' title='bbox 750 1295 1027 1383; x_wconf 59' lang='lat' dir='ltr'><strong>alterutrumne.</strong></span> 
     </span>
    </p>
   </div>
   <div class='ocr_carea' id='block_1_3' title="bbox 311 1419 1547 1918">
    <p class='ocr_par' dir='ltr' id='par_1_3' title="bbox 311 1419 1547 1918">
     <span class='ocr_line' id='line_1_9' title="bbox 402 1419 1545 1510; baseline 0.002 -23"><span class='ocrx_word' id='word_1_44' title='bbox 402 1420 518 1489; x_wconf 89' lang='lat' dir='ltr'><strong>Dualis</strong></span> <span class='ocrx_word' id='word_1_45' title='bbox 551 1424 584 1489; x_wconf 90' lang='lat' dir='ltr'><strong>in</strong></span> <span class='ocrx_word' id='word_1_46' title='bbox 611 1446 671 1489; x_wconf 81' lang='lat' dir='ltr'><strong>-nro</strong></span> <span class='ocrx_word' id='word_1_47' title='bbox 703 1440 796 1490; x_wconf 90' lang='lat' dir='ltr'><strong>usum</strong></span> <span class='ocrx_word' id='word_1_48' title='bbox 823 1444 844 1488; x_wconf 84' lang='lat' dir='ltr'><strong>a</strong></span> <span class='ocrx_word' id='word_1_49' title='bbox 872 1419 1030 1508; x_wconf 87' lang='lat' dir='ltr'><strong>Dionysio</strong></span> <span class='ocrx_word' id='word_1_50' title='bbox 1058 1444 1192 1510; x_wconf 85' lang='lat' dir='ltr'><strong>prorsus</strong></span> <span class='ocrx_word' id='word_1_51' title='bbox 1216 1422 1334 1491; x_wconf 81' lang='lat' dir='ltr'><strong>abesse</strong></span> <span class='ocrx_word' id='word_1_52' title='bbox 1357 1424 1423 1490; x_wconf 92' lang='lat' dir='ltr'><strong>iam</strong></span> <span class='ocrx_word' id='word_1_53' title='bbox 1447 1430 1545 1490; x_wconf 89' lang='lat' dir='ltr'><strong>antea</strong></span> 
     </span>
     <span class='ocr_line' id='line_1_10' title="bbox 311 1524 1544 1617; baseline 0.002 -23"><span class='ocrx_word' id='word_1_54' title='bbox 311 1524 466 1615; x_wconf 76' lang='lat' dir='ltr'><strong>vidimus,</strong></span> <span class='ocrx_word' id='word_1_55' title='bbox 495 1529 581 1614; x_wconf 89' lang='lat' dir='ltr'><strong>quod</strong></span> <span class='ocrx_word' id='word_1_56' title='bbox 605 1538 715 1596; x_wconf 89' lang='lat' dir='ltr'><strong>autem</strong></span> <span class='ocrx_word' id='word_1_57' title='bbox 738 1526 853 1597; x_wconf 88' lang='lat' dir='ltr'><strong>duales</strong></span> <span class='ocrx_word' id='word_1_58' title='bbox 876 1528 1000 1597; x_wconf 87' lang='lat' dir='ltr'><strong>formae</strong></span> <span class='ocrx_word' id='word_1_59' title='bbox 1024 1551 1083 1597; x_wconf 81' lang='lat' dir='ltr'><strong>sex</strong></span> <span class='ocrx_word' id='word_1_60' title='bbox 1106 1531 1139 1597; x_wconf 92' lang='lat' dir='ltr'><strong>iu</strong></span> <span class='ocrx_word' id='word_1_61' title='bbox 1162 1531 1293 1616; x_wconf 77' lang='lat' dir='ltr'>paginis</span> <span class='ocrx_word' id='word_1_62' title='bbox 1316 1552 1381 1599; x_wconf 91' lang='lat' dir='ltr'><strong>non</strong></span> <span class='ocrx_word' id='word_1_63' title='bbox 1404 1526 1544 1617; x_wconf 89' lang='lat' dir='ltr'><strong>amplius</strong></span> 
     </span>
     <span class='ocr_line' id='line_1_11' title="bbox 313 1636 1547 1722; baseline 0.004 -22"><span class='ocrx_word' id='word_1_64' title='bbox 313 1636 449 1720; x_wconf 83' lang='lat' dir='ltr'><strong>triginta</strong></span> <span class='ocrx_word' id='word_1_65' title='bbox 481 1637 698 1722; x_wconf 83' lang='lat' dir='ltr'><strong>inveniuntur,</strong></span> <span class='ocrx_word' id='word_1_66' title='bbox 731 1637 766 1703; x_wconf 87' lang='lat' dir='ltr'><strong>id</strong></span> <span class='ocrx_word' id='word_1_67' title='bbox 799 1637 950 1704; x_wconf 86' lang='lat' dir='ltr'><strong>abhorret</strong></span> <span class='ocrx_word' id='word_1_68' title='bbox 982 1638 1024 1704; x_wconf 92' lang='lat' dir='ltr'><strong>ab</strong></span> <span class='ocrx_word' id='word_1_69' title='bbox 1057 1637 1126 1704; x_wconf 89' lang='lat' dir='ltr'><strong>eius</strong></span> <span class='ocrx_word' id='word_1_70' title='bbox 1160 1657 1234 1722; x_wconf 87' lang='lat' dir='ltr'><strong>usu,</strong></span> <span class='ocrx_word' id='word_1_71' title='bbox 1267 1659 1339 1704; x_wconf 86' lang='lat' dir='ltr'><strong>oum</strong></span> <span class='ocrx_word' id='word_1_72' title='bbox 1367 1638 1401 1704; x_wconf 92' lang='lat' dir='ltr'><strong>in</strong></span> <span class='ocrx_word' id='word_1_73' title='bbox 1430 1638 1547 1705; x_wconf 79' lang='lat' dir='ltr'><strong>ceteris</strong></span> 
     </span>
     <span class='ocr_line' id='line_1_12' title="bbox 314 1740 1547 1830; baseline 0.002 -22"><span class='ocrx_word' id='word_1_74' title='bbox 314 1743 406 1809; x_wconf 89' lang='lat' dir='ltr'><strong>libris</strong></span> <span class='ocrx_word' id='word_1_75' title='bbox 429 1764 488 1829; x_wconf 94' lang='lat' dir='ltr'><strong>pro</strong></span> <span class='ocrx_word' id='word_1_76' title='bbox 511 1744 659 1828; x_wconf 78' lang='lat' dir='ltr'>portione</span> <span class='ocrx_word' id='word_1_77' title='bbox 683 1746 716 1810; x_wconf 91' lang='lat' dir='ltr'><strong>in</strong></span> <span class='ocrx_word' id='word_1_78' title='bbox 746 1744 880 1811; x_wconf 82' lang='lat' dir='ltr'><strong>ducenis</strong></span> <span class='ocrx_word' id='word_1_79' title='bbox 908 1742 976 1811; x_wconf 85' lang='lat' dir='ltr'><strong>fere</strong></span> <span class='ocrx_word' id='word_1_80' title='bbox 1007 1740 1318 1830; x_wconf 74' lang='lat' dir='ltr'><strong>paginissingulae</strong></span> <span class='ocrx_word' id='word_1_81' title='bbox 1351 1742 1473 1811; x_wconf 84' lang='lat' dir='ltr'><strong>formae</strong></span> <span class='ocrx_word' id='word_1_82' title='bbox 1500 1745 1547 1810; x_wconf 92' lang='lat' dir='ltr'><strong>in·</strong></span> 
     </span>
     <span class='ocr_line' id='line_1_13' title="bbox 312 1850 495 1918; baseline 0.005 -2"><span class='ocrx_word' id='word_1_83' title='bbox 312 1850 495 1918; x_wconf 75' lang='lat' dir='ltr'><strong>veniuntur.</strong></span> 
     </span>
    </p>
   </div>
   <div class='ocr_carea' id='block_1_4' title="bbox 718 1975 1142 2059">
    <p class='ocr_par' dir='ltr' id='par_1_4' title="bbox 718 1975 1142 2059">
     <span class='ocr_line' id='line_1_14' title="bbox 718 1975 1142 2059; baseline -0.002 -15"><span class='ocrx_word' id='word_1_84' title='bbox 718 1981 739 2059; x_wconf 61' lang='grc' dir='ltr'>β</span> <span class='ocrx_word' id='word_1_85' title='bbox 765 1979 816 2045; x_wconf 77' lang='grc'><strong>17.</strong></span> <span class='ocrx_word' id='word_1_86' title='bbox 862 1977 917 2044; x_wconf 89' lang='lat' dir='ltr'><strong>De</strong></span> <span class='ocrx_word' id='word_1_87' title='bbox 941 1975 1142 2044; x_wconf 86' lang='lat' dir='ltr'><strong>Strabone.</strong></span> 
     </span>
    </p>
   </div>
   <div class='ocr_carea' id='block_1_5' title="bbox 404 2117 1544 2435">
    <p class='ocr_par' dir='ltr' id='par_1_5' title="bbox 404 2117 1544 2435">
     <span class='ocr_line' id='line_1_15' title="bbox 405 2117 1338 2204; baseline 0.002 -21"><span class='ocrx_word' id='word_1_88' title='bbox 405 2117 501 2204; x_wconf 85' lang='lat' dir='ltr'><strong>Apud</strong></span> <span class='ocrx_word' id='word_1_89' title='bbox 525 2118 756 2184; x_wconf 80' lang='lat' dir='ltr'><strong>Strabonem</strong></span> <span class='ocrx_word' id='word_1_90' title='bbox 779 2139 844 2185; x_wconf 92' lang='lat' dir='ltr'><strong>uua</strong></span> <span class='ocrx_word' id='word_1_91' title='bbox 867 2118 972 2184; x_wconf 83' lang='lat' dir='ltr'><strong>forma</strong></span> <span class='ocrx_word' id='word_1_92' title='bbox 995 2119 1103 2187; x_wconf 82' lang='lat' dir='ltr'><strong>dualis</strong></span> <span class='ocrx_word' id='word_1_93' title='bbox 1126 2119 1250 2186; x_wconf 88' lang='lat' dir='ltr'><strong>tradita</strong></span> <span class='ocrx_word' id='word_1_94' title='bbox 1274 2126 1338 2187; x_wconf 89' lang='lat' dir='ltr'><strong>est:</strong></span> 
     </span>
     <span class='ocr_line' id='line_1_16' title="bbox 476 2225 982 2313; baseline -0.004 -21"><span class='ocrx_word' id='word_1_95' title='bbox 476 2227 507 2309; x_wconf 83' lang='lat'><strong>8,</strong></span> <span class='ocrx_word' id='word_1_96' title='bbox 532 2226 563 2309; x_wconf 83' lang='lat'><strong>3,</strong></span> <span class='ocrx_word' id='word_1_97' title='bbox 587 2227 629 2292; x_wconf 83' lang='lat'><strong>31</strong></span> <span class='ocrx_word' id='word_1_98' title='bbox 659 2226 767 2313; x_wconf 73' lang='grc' dir='ltr'><strong>μεταξὺ</strong></span> <span class='ocrx_word' id='word_1_99' title='bbox 791 2229 866 2292; x_wconf 83' lang='grc' dir='ltr'><strong>δυεῖν</strong></span> <span class='ocrx_word' id='word_1_100' title='bbox 890 2225 982 2311; x_wconf 82' lang='grc' dir='ltr'><strong>ὀροῖν.</strong></span> 
     </span>
     <span class='ocr_line' id='line_1_17' title="bbox 404 2349 1544 2435; baseline 0.002 -19"><span class='ocrx_word' id='word_1_101' title='bbox 404 2349 471 2416; x_wconf 85' lang='lat' dir='ltr'><strong>Sed</strong></span> <span class='ocrx_word' id='word_1_102' title='bbox 494 2350 632 2416; x_wconf 88' lang='lat' dir='ltr'><strong>Kramer</strong></span> <span class='ocrx_word' id='word_1_103' title='bbox 654 2349 850 2416; x_wconf 84' lang='lat' dir='ltr'><strong>adversante</strong></span> <span class='ocrx_word' id='word_1_104' title='bbox 873 2349 1030 2416; x_wconf 80' lang='lat' dir='ltr'><strong>eodioerl</strong></span> <span class='ocrx_word' id='word_1_105' title='bbox 1053 2351 1122 2415; x_wconf 86' lang='lat' dir='ltr'><strong>iure</strong></span> <span class='ocrx_word' id='word_1_106' title='bbox 1136 2350 1296 2434; x_wconf 78' lang='lat' dir='ltr'><strong>pluralem</strong></span> <span class='ocrx_word' id='word_1_107' title='bbox 1310 2351 1427 2435; x_wconf 83' lang='lat' dir='ltr'><strong>posuit</strong></span> <span class='ocrx_word' id='word_1_108' title='bbox 1460 2350 1544 2418; x_wconf 86' lang='lat' dir='ltr'><strong>Nam</strong></span> 
     </span>
    </p>
   </div>
   <div class='ocr_carea' id='block_1_6' title="bbox 313 2456 1547 2651">
    <p class='ocr_par' dir='ltr' id='par_1_6' title="bbox 313 2456 1547 2651">
     <span class='ocr_line' id='line_1_18' title="bbox 314 2456 1547 2543; baseline 0.001 -22"><span class='ocrx_word' id='word_1_109' title='bbox 314 2456 435 2522; x_wconf 80' lang='lat' dir='ltr'><strong>Strabo</strong></span> <span class='ocrx_word' id='word_1_110' title='bbox 467 2458 544 2522; x_wconf 76' lang='grc' dir='ltr'><strong>δυεῖν</strong></span> <span class='ocrx_word' id='word_1_111' title='bbox 581 2464 767 2524; x_wconf 74' lang='lat' dir='ltr'><strong>constanter</strong></span> <span class='ocrx_word' id='word_1_112' title='bbox 805 2476 878 2522; x_wconf 89' lang='lat' dir='ltr'><strong>enm</strong></span> <span class='ocrx_word' id='word_1_113' title='bbox 914 2456 1034 2543; x_wconf 83' lang='lat' dir='ltr'><strong>plurali</strong></span> <span class='ocrx_word' id='word_1_114' title='bbox 1070 2456 1266 2538; x_wconf 68' lang='lat' dir='ltr'><strong>eoniunxw)</strong></span> <span class='ocrx_word' id='word_1_115' title='bbox 1303 2457 1547 2539; x_wconf 76' lang='lat' dir='ltr'><strong>orationemque</strong></span> 
     </span>
     <span class='ocr_line' id='line_1_19' title="bbox 313 2561 1547 2651; baseline 0 -24"><span class='ocrx_word' id='word_1_116' title='bbox 313 2562 433 2648; x_wconf 87' lang='lat' dir='ltr'><strong>plurali</strong></span> <span class='ocrx_word' id='word_1_117' title='bbox 456 2583 589 2630; x_wconf 89' lang='lat' dir='ltr'><strong>numero</strong></span> <span class='ocrx_word' id='word_1_118' title='bbox 613 2564 827 2630; x_wconf 79' lang='lat' dir='ltr'><strong>continuarit:</strong></span> <span class='ocrx_word' id='word_1_119' title='bbox 852 2564 963 2651; x_wconf 78' lang='grc' dir='ltr'><strong>μεταξὺ</strong></span> <span class='ocrx_word' id='word_1_120' title='bbox 987 2565 1064 2630; x_wconf 75' lang='grc' dir='ltr'><strong>δυεῖν</strong></span> <span class='ocrx_word' id='word_1_121' title='bbox 1082 2562 1164 2650; x_wconf 80' lang='grc' dir='ltr'><strong>ὀροῖν</strong></span> <span class='ocrx_word' id='word_1_122' title='bbox 1178 2562 1299 2651; x_wconf 81' lang='grc' dir='ltr'><strong>Ὄοοης</strong></span> <span class='ocrx_word' id='word_1_123' title='bbox 1320 2569 1374 2628; x_wconf 77' lang='grc' dir='ltr'><strong>καῖ</strong></span> <span class='ocrx_word' id='word_1_124' title='bbox 1391 2561 1547 2650; x_wconf 81' lang='grc' dir='ltr'><strong>Ὀλυμπου</strong></span> 
     </span>
    </p>
   </div>
   <div class='ocr_carea' id='block_1_7' title="bbox 311 2667 1546 2971">
    <p class='ocr_par' dir='ltr' id='par_1_7' title="bbox 311 2667 1546 2971">
     <span class='ocr_line' id='line_1_20' title="bbox 311 2667 1546 2759; baseline 0.001 -25"><span class='ocrx_word' id='word_1_125' title='bbox 311 2667 480 2759; x_wconf 72' lang='lat' dir='ltr'><strong>iperium</strong></span> <span class='ocrx_word' id='word_1_126' title='bbox 517 2680 580 2747; x_wconf 86' lang='grc' dir='ltr'><strong>τοῖς</strong></span> <span class='ocrx_word' id='word_1_127' title='bbox 619 2673 650 2738; x_wconf 72' lang='grc' dir='ltr'><strong>ἐν</strong></span> <span class='ocrx_word' id='word_1_128' title='bbox 686 2670 847 2757; x_wconf 66' lang='grc' dir='ltr'><strong>Θετταλίᾳ.</strong></span> <span class='ocrx_word' id='word_1_129' title='bbox 904 2671 1000 2748; x_wconf 78' lang='lat' dir='ltr'><strong>Quod</strong></span> <span class='ocrx_word' id='word_1_130' title='bbox 1037 2672 1099 2739; x_wconf 86' lang='lat' dir='ltr'><strong>etsi</strong></span> <span class='ocrx_word' id='word_1_131' title='bbox 1140 2670 1229 2757; x_wconf 88' lang='lat' dir='ltr'><strong>apud</strong></span> <span class='ocrx_word' id='word_1_132' title='bbox 1274 2678 1391 2757; x_wconf 85' lang='lat' dir='ltr'><strong>poetae</strong></span> <span class='ocrx_word' id='word_1_133' title='bbox 1427 2669 1546 2735; x_wconf 60' lang='lat' dir='ltr'><strong>anatis</strong></span> 
     </span>
     <span class='ocr_line' id='line_1_21' title="bbox 316 2776 1545 2865; baseline -0.002 -22"><span class='ocrx_word' id='word_1_134' title='bbox 316 2778 559 2845; x_wconf 76' lang='lat' dir='ltr'><strong>Alexandrinae</strong></span> <span class='ocrx_word' id='word_1_135' title='bbox 591 2779 812 2865; x_wconf 81' lang='lat' dir='ltr'><strong>imprimisque</strong></span> <span class='ocrx_word' id='word_1_136' title='bbox 840 2777 929 2865; x_wconf 86' lang='lat' dir='ltr'><strong>apud</strong></span> <span class='ocrx_word' id='word_1_137' title='bbox 958 2777 1163 2864; x_wconf 87' lang='lat' dir='ltr'><strong>Apollonium</strong></span> <span class='ocrx_word' id='word_1_138' title='bbox 1191 2778 1351 2844; x_wconf 87' lang='lat' dir='ltr'><strong>Rhodium</strong></span> <span class='ocrx_word' id='word_1_139' title='bbox 1378 2776 1545 2864; x_wconf 76' lang='lat' dir='ltr'><strong>reponens,</strong></span> 
     </span>
     <span class='ocr_line' id='line_1_22' title="bbox 314 2884 1212 2971; baseline 0.004 -22"><span class='ocrx_word' id='word_1_140' title='bbox 314 2892 423 2951; x_wconf 87' lang='lat' dir='ltr'><strong>tamen</strong></span> <span class='ocrx_word' id='word_1_141' title='bbox 448 2906 469 2951; x_wconf 88' lang='lat' dir='ltr'><strong>a</strong></span> <span class='ocrx_word' id='word_1_142' title='bbox 491 2907 590 2971; x_wconf 86' lang='lat' dir='ltr'><strong>prosa</strong></span> <span class='ocrx_word' id='word_1_143' title='bbox 614 2888 760 2952; x_wconf 89' lang='lat' dir='ltr'><strong>oratione</strong></span> <span class='ocrx_word' id='word_1_144' title='bbox 783 2886 925 2953; x_wconf 90' lang='lat' dir='ltr'><strong>alienum</strong></span> <span class='ocrx_word' id='word_1_145' title='bbox 948 2885 1077 2952; x_wconf 90' lang='lat' dir='ltr'><strong>videtur</strong></span> <span class='ocrx_word' id='word_1_146' title='bbox 1100 2884 1212 2953; x_wconf 83' lang='lat' dir='ltr'><strong>fuisse.</strong></span> 
     </span>
    </p>
   </div>
   <div class='ocr_carea' id='block_1_8' title="bbox 405 3009 1411 3098">
    <p class='ocr_par' dir='ltr' id='par_1_8' title="bbox 405 3009 1411 3098">
     <span class='ocr_line' id='line_1_23' title="bbox 405 3009 1411 3098; baseline 0.004 -24"><span class='ocrx_word' id='word_1_147' title='bbox 405 3010 513 3075; x_wconf 82' lang='lat' dir='ltr'><strong>Etiam</strong></span> <span class='ocrx_word' id='word_1_148' title='bbox 536 3010 649 3098; x_wconf 80' lang='grc' dir='ltr'><strong>ἀμφοῖν</strong></span> <span class='ocrx_word' id='word_1_149' title='bbox 673 3011 791 3077; x_wconf 88' lang='lat' dir='ltr'><strong>Strabo</strong></span> <span class='ocrx_word' id='word_1_150' title='bbox 815 3030 943 3096; x_wconf 90' lang='lat' dir='ltr'><strong>semper</strong></span> <span class='ocrx_word' id='word_1_151' title='bbox 966 3030 1037 3076; x_wconf 90' lang='lat' dir='ltr'><strong>eum</strong></span> <span class='ocrx_word' id='word_1_152' title='bbox 1060 3011 1179 3095; x_wconf 86' lang='lat' dir='ltr'><strong>plurali</strong></span> <span class='ocrx_word' id='word_1_153' title='bbox 1203 3009 1411 3092; x_wconf 85' lang='lat' dir='ltr'><strong>eoniuuxit&#39;).</strong></span> 
     </span>
    </p>
   </div>
   <div class='ocr_carea' id='block_1_9' title="bbox 314 3132 1546 3755">
    <p class='ocr_par' dir='ltr' id='par_1_9' title="bbox 314 3132 1546 3434">
     <span class='ocr_line' id='line_1_24' title="bbox 392 3132 1546 3224; baseline -0.001 -25"><span class='ocrx_word' id='word_1_154' title='bbox 392 3134 514 3224; x_wconf 70' lang='grc' dir='ltr'><strong>Ἄμφω</strong></span> <span class='ocrx_word' id='word_1_155' title='bbox 546 3143 579 3201; x_wconf 91' lang='lat' dir='ltr'><strong>et</strong></span> <span class='ocrx_word' id='word_1_156' title='bbox 611 3135 779 3223; x_wconf 78' lang='grc' dir='ltr'><strong>ἀμφότερος</strong></span> <span class='ocrx_word' id='word_1_157' title='bbox 811 3135 985 3218; x_wconf 83' lang='lat' dir='ltr'><strong>sexagenis</strong></span> <span class='ocrx_word' id='word_1_158' title='bbox 1018 3135 1086 3202; x_wconf 86' lang='lat' dir='ltr'><strong>fere</strong></span> <span class='ocrx_word' id='word_1_159' title='bbox 1115 3136 1196 3202; x_wconf 86' lang='lat' dir='ltr'><strong>loeis</strong></span> <span class='ocrx_word' id='word_1_160' title='bbox 1224 3142 1404 3203; x_wconf 80' lang='lat' dir='ltr'><strong>occurrunt.</strong></span> <span class='ocrx_word' id='word_1_161' title='bbox 1454 3132 1546 3222; x_wconf 75' lang='grc' dir='ltr'><strong>ἄμφω</strong></span> 
     </span>
     <span class='ocr_line' id='line_1_25' title="bbox 314 3241 1546 3329; baseline -0.001 -21"><span class='ocrx_word' id='word_1_162' title='bbox 314 3262 444 3327; x_wconf 84' lang='lat' dir='ltr'><strong>semper</strong></span> <span class='ocrx_word' id='word_1_163' title='bbox 467 3241 663 3308; x_wconf 76' lang='lat' dir='ltr'><strong>declinatum</strong></span> <span class='ocrx_word' id='word_1_164' title='bbox 688 3256 753 3324; x_wconf 70' lang='grc' dir='ltr'><strong>θοις</strong></span> <span class='ocrx_word' id='word_1_165' title='bbox 776 3243 878 3307; x_wconf 87' lang='lat' dir='ltr'><strong>tribus</strong></span> <span class='ocrx_word' id='word_1_166' title='bbox 902 3241 982 3308; x_wconf 85' lang='lat' dir='ltr'><strong>loeis</strong></span> <span class='ocrx_word' id='word_1_167' title='bbox 1001 3246 1146 3329; x_wconf 78' lang='grc' dir='ltr'><strong>συνάμφω</strong></span> <span class='ocrx_word' id='word_1_168' title='bbox 1160 3241 1303 3325; x_wconf 82' lang='lat' dir='ltr'><strong>genetivi</strong></span> <span class='ocrx_word' id='word_1_169' title='bbox 1318 3241 1424 3308; x_wconf 86' lang='lat' dir='ltr'><strong>loeum</strong></span> <span class='ocrx_word' id='word_1_170' title='bbox 1439 3248 1546 3307; x_wconf 88' lang='lat' dir='ltr'><strong>tenet:</strong></span> 
     </span>
     <span class='ocr_line' id='line_1_26' title="bbox 316 3349 889 3434; baseline 0.005 -21"><span class='ocrx_word' id='word_1_171' title='bbox 316 3350 340 3434; x_wconf 87' lang='lat' dir='ltr'><strong>l,</strong></span> <span class='ocrx_word' id='word_1_172' title='bbox 364 3352 394 3432; x_wconf 76' lang='grc'><strong>2,</strong></span> <span class='ocrx_word' id='word_1_173' title='bbox 417 3351 469 3416; x_wconf 83' lang='grc'><strong>36.</strong></span> <span class='ocrx_word' id='word_1_174' title='bbox 518 3349 558 3433; x_wconf 83' lang='grc' dir='ltr'><strong>ΙΙ,</strong></span> <span class='ocrx_word' id='word_1_175' title='bbox 586 3356 614 3429; x_wconf 88' lang='grc'><strong>1,</strong></span> <span class='ocrx_word' id='word_1_176' title='bbox 639 3352 690 3415; x_wconf 80' lang='grc'><strong>29.</strong></span> <span class='ocrx_word' id='word_1_177' title='bbox 739 3349 779 3433; x_wconf 74' lang='lat'><strong>11,</strong></span> <span class='ocrx_word' id='word_1_178' title='bbox 802 3353 833 3433; x_wconf 89' lang='lat'><strong>4,</strong></span> <span class='ocrx_word' id='word_1_179' title='bbox 859 3352 889 3416; x_wconf 84' lang='lat'><strong>5.</strong></span> 
     </span>
    </p>

    <p class='ocr_par' dir='ltr' id='par_1_10' title="bbox 405 3455 747 3522">
     <span class='ocr_line' id='line_1_27' title="bbox 405 3455 747 3522; baseline -0.003 -1"><span class='ocrx_word' id='word_1_180' title='bbox 405 3459 456 3522; x_wconf 81' lang='grc' dir='ltr'><strong>δυο</strong></span> <span class='ocrx_word' id='word_1_181' title='bbox 480 3456 528 3522; x_wconf 82' lang='lat' dir='ltr'><strong>sie</strong></span> <span class='ocrx_word' id='word_1_182' title='bbox 551 3455 747 3521; x_wconf 86' lang='lat' dir='ltr'><strong>deeliuatur:</strong></span> 
     </span>
    </p>

    <p class='ocr_par' dir='ltr' id='par_1_11' title="bbox 476 3562 1031 3755">
     <span class='ocr_line' id='line_1_28' title="bbox 476 3562 1031 3647; baseline -0.002 -17"><span class='ocrx_word' id='word_1_183' title='bbox 476 3563 630 3647; x_wconf 83' lang='lat' dir='ltr'><strong>genetiv.:</strong></span> <span class='ocrx_word' id='word_1_184' title='bbox 659 3566 733 3628; x_wconf 83' lang='grc' dir='ltr'><strong>δυεῖν</strong></span> <span class='ocrx_word' id='word_1_185' title='bbox 756 3563 865 3629; x_wconf 81' lang='lat' dir='ltr'><strong>tricies</strong></span> <span class='ocrx_word' id='word_1_186' title='bbox 889 3562 1031 3639; x_wconf 83' lang='lat' dir='ltr'><strong>novies³)</strong></span> 
     </span>
     <span class='ocr_line' id='line_1_29' title="bbox 659 3671 879 3755; baseline 0.009 -21"><span class='ocrx_word' id='word_1_187' title='bbox 659 3673 711 3736; x_wconf 80' lang='grc' dir='ltr'><strong>δυο</strong></span> <span class='ocrx_word' id='word_1_188' title='bbox 734 3671 879 3755; x_wconf 83' lang='lat' dir='ltr'><strong>quater⁴)</strong></span> 
     </span>
    </p>
   </div>
   <div class='ocr_carea' id='block_1_10' title="bbox 312 3882 1585 4208">
    <p class='ocr_par' dir='ltr' id='par_1_12' title="bbox 312 3882 1585 4208">
     <span class='ocr_line' id='line_1_30' title="bbox 408 3882 1547 3953; baseline 0 -16"><span class='ocrx_word' id='word_1_189' title='bbox 408 3882 1547 3953; x_wconf 42' lang='lat' dir='ltr'><strong>isthistffifflffissffissffifflssissst4ststffibst</strong></span> 
     </span>
     <span class='ocr_line' id='line_1_31' title="bbox 312 3971 1546 4039; baseline -0.002 -11"><span class='ocrx_word' id='word_1_190' title='bbox 312 3971 1546 4039; x_wconf 50' lang='lat' dir='ltr'><strong>aanu4ss.wststavmamlstavmu4lnnum</strong></span> 
     </span>
     <span class='ocr_line' id='line_1_32' title="bbox 314 4060 1585 4164; baseline -0.002 -47"><span class='ocrx_word' id='word_1_191' title='bbox 314 4060 1585 4164; x_wconf 39' lang='lat' dir='ltr'><strong>nnmxmamxmummxuamffinmxffluae4</strong></span> 
     </span>
     <span class='ocr_line' id='line_1_33' title="bbox 312 4153 419 4208; baseline -0.009 0"><span class='ocrx_word' id='word_1_192' title='bbox 312 4153 419 4208; x_wconf 47' lang='grc' dir='ltr'><strong>ἠῶ</strong></span> 
     </span>
    </p>
   </div>
   <div class='ocr_carea' id='block_1_11' title="bbox 312 4254 1548 4705">
    <p class='ocr_par' dir='ltr' id='par_1_13' title="bbox 312 4254 1548 4415">
     <span class='ocr_line' id='line_1_34' title="bbox 407 4254 1548 4325; baseline -0.003 -13"><span class='ocrx_word' id='word_1_193' title='bbox 407 4258 429 4325; x_wconf 79' lang='lat'><strong>¹)</strong></span> <span class='ocrx_word' id='word_1_194' title='bbox 454 4261 473 4322; x_wconf 85' lang='lat' dir='ltr'><strong>l,</strong></span> <span class='ocrx_word' id='word_1_195' title='bbox 492 4261 517 4324; x_wconf 79' lang='lat' dir='ltr'><strong>a,</strong></span> <span class='ocrx_word' id='word_1_196' title='bbox 537 4261 579 4315; x_wconf 79' lang='lat'><strong>24.</strong></span> <span class='ocrx_word' id='word_1_197' title='bbox 599 4261 643 4314; x_wconf 82' lang='lat' dir='ltr'><strong>ae.</strong></span> <span class='ocrx_word' id='word_1_198' title='bbox 680 4260 715 4324; x_wconf 90' lang='lat'><strong>11,</strong></span> <span class='ocrx_word' id='word_1_199' title='bbox 740 4260 765 4321; x_wconf 82' lang='lat' dir='ltr'><strong>a.</strong></span> <span class='ocrx_word' id='word_1_200' title='bbox 784 4259 809 4313; x_wconf 85' lang='lat' dir='ltr'><strong>a.</strong></span> <span class='ocrx_word' id='word_1_201' title='bbox 846 4258 871 4321; x_wconf 86' lang='lat'><strong>4,</strong></span> <span class='ocrx_word' id='word_1_202' title='bbox 891 4259 916 4311; x_wconf 85' lang='lat'><strong>3.</strong></span> <span class='ocrx_word' id='word_1_203' title='bbox 954 4258 1001 4323; x_wconf 87' lang='lat' dir='ltr'><strong>vr,</strong></span> <span class='ocrx_word' id='word_1_204' title='bbox 1025 4259 1051 4321; x_wconf 82' lang='lat' dir='ltr'><strong>a,</strong></span> <span class='ocrx_word' id='word_1_205' title='bbox 1072 4259 1096 4313; x_wconf 84' lang='lat' dir='ltr'><strong>r.</strong></span> <span class='ocrx_word' id='word_1_206' title='bbox 1133 4257 1209 4322; x_wconf 77' lang='lat' dir='ltr'><strong>viu,</strong></span> <span class='ocrx_word' id='word_1_207' title='bbox 1227 4258 1253 4323; x_wconf 93' lang='lat'><strong>4,</strong></span> <span class='ocrx_word' id='word_1_208' title='bbox 1273 4257 1298 4312; x_wconf 87' lang='lat' dir='ltr'><strong>a.</strong></span> <span class='ocrx_word' id='word_1_209' title='bbox 1336 4256 1383 4323; x_wconf 75' lang='lat' dir='ltr'><strong>uu,</strong></span> <span class='ocrx_word' id='word_1_210' title='bbox 1406 4256 1432 4321; x_wconf 87' lang='lat' dir='ltr'><strong>e,</strong></span> <span class='ocrx_word' id='word_1_211' title='bbox 1451 4257 1477 4311; x_wconf 84' lang='lat' dir='ltr'><strong>a.</strong></span> <span class='ocrx_word' id='word_1_212' title='bbox 1514 4254 1548 4320; x_wconf 77' lang='lat' dir='ltr'><strong>u,</strong></span> 
     </span>
     <span class='ocr_line' id='line_1_35' title="bbox 312 4346 1322 4415; baseline -0.007 -9"><span class='ocrx_word' id='word_1_213' title='bbox 312 4351 340 4415; x_wconf 85' lang='lat' dir='ltr'><strong>e,</strong></span> <span class='ocrx_word' id='word_1_214' title='bbox 359 4351 384 4406; x_wconf 84' lang='lat' dir='ltr'><strong>a.</strong></span> <span class='ocrx_word' id='word_1_215' title='bbox 422 4351 470 4413; x_wconf 79' lang='lat' dir='ltr'><strong>xi,</strong></span> <span class='ocrx_word' id='word_1_216' title='bbox 488 4351 514 4414; x_wconf 81' lang='lat' dir='ltr'><strong>a,</strong></span> <span class='ocrx_word' id='word_1_217' title='bbox 532 4350 557 4403; x_wconf 87' lang='lat' dir='ltr'><strong>e.</strong></span> <span class='ocrx_word' id='word_1_218' title='bbox 597 4350 644 4415; x_wconf 73' lang='lat'><strong>12„</strong></span> <span class='ocrx_word' id='word_1_219' title='bbox 658 4350 702 4403; x_wconf 76' lang='grc' dir='ltr'><strong>νο.</strong></span> <span class='ocrx_word' id='word_1_220' title='bbox 739 4348 800 4413; x_wconf 81' lang='lat' dir='ltr'><strong>uu,</strong></span> <span class='ocrx_word' id='word_1_221' title='bbox 819 4348 845 4413; x_wconf 82' lang='lat' dir='ltr'><strong>a,</strong></span> <span class='ocrx_word' id='word_1_222' title='bbox 864 4348 907 4402; x_wconf 83' lang='lat' dir='ltr'><strong>ee.</strong></span> <span class='ocrx_word' id='word_1_223' title='bbox 945 4347 1019 4413; x_wconf 82' lang='lat' dir='ltr'><strong>xvr,</strong></span> <span class='ocrx_word' id='word_1_224' title='bbox 1039 4348 1064 4412; x_wconf 86' lang='lat'><strong>3,</strong></span> <span class='ocrx_word' id='word_1_225' title='bbox 1085 4349 1110 4400; x_wconf 87' lang='lat'><strong>1.</strong></span> <span class='ocrx_word' id='word_1_226' title='bbox 1146 4346 1234 4411; x_wconf 84' lang='lat' dir='ltr'><strong>xvu,</strong></span> <span class='ocrx_word' id='word_1_227' title='bbox 1255 4347 1279 4409; x_wconf 88' lang='lat'><strong>1,</strong></span> <span class='ocrx_word' id='word_1_228' title='bbox 1297 4346 1322 4399; x_wconf 95' lang='lat'><strong>4.</strong></span> 
     </span>
    </p>

    <p class='ocr_par' dir='ltr' id='par_1_14' title="bbox 313 4448 1547 4705">
     <span class='ocr_line' id='line_1_36' title="bbox 406 4448 1547 4523; baseline -0.004 -12"><span class='ocrx_word' id='word_1_229' title='bbox 406 4455 431 4523; x_wconf 80' lang='lat'><strong>⁸)</strong></span> <span class='ocrx_word' id='word_1_230' title='bbox 454 4458 475 4522; x_wconf 90' lang='lat'><strong>1,</strong></span> <span class='ocrx_word' id='word_1_231' title='bbox 497 4459 520 4522; x_wconf 90' lang='lat'><strong>1,</strong></span> <span class='ocrx_word' id='word_1_232' title='bbox 540 4457 565 4511; x_wconf 86' lang='lat' dir='ltr'><strong>e.</strong></span> <span class='ocrx_word' id='word_1_233' title='bbox 603 4456 789 4521; x_wconf 85' lang='lat'>11,1,4.14.</span> <span class='ocrx_word' id='word_1_234' title='bbox 811 4456 852 4509; x_wconf 84' lang='lat'><strong>19.</strong></span> <span class='ocrx_word' id='word_1_235' title='bbox 871 4455 915 4509; x_wconf 80' lang='lat' dir='ltr'><strong>us.</strong></span> <span class='ocrx_word' id='word_1_236' title='bbox 935 4455 970 4508; x_wconf 79' lang='lat' dir='ltr'><strong>aa</strong></span> <span class='ocrx_word' id='word_1_237' title='bbox 989 4452 1061 4521; x_wconf 72' lang='lat' dir='ltr'><strong>(ere).</strong></span> <span class='ocrx_word' id='word_1_238' title='bbox 1085 4454 1128 4507; x_wconf 80' lang='lat' dir='ltr'><strong>ae.</strong></span> <span class='ocrx_word' id='word_1_239' title='bbox 1166 4453 1192 4515; x_wconf 88' lang='lat'><strong>4,</strong></span> <span class='ocrx_word' id='word_1_240' title='bbox 1212 4448 1236 4510; x_wconf 82' lang='lat' dir='ltr'><strong>r.</strong></span> <span class='ocrx_word' id='word_1_241' title='bbox 1273 4451 1323 4519; x_wconf 88' lang='lat' dir='ltr'><strong>m,</strong></span> <span class='ocrx_word' id='word_1_242' title='bbox 1347 4453 1370 4518; x_wconf 85' lang='lat'><strong>1,</strong></span> <span class='ocrx_word' id='word_1_243' title='bbox 1394 4452 1420 4506; x_wconf 83' lang='lat'><strong>4.</strong></span> <span class='ocrx_word' id='word_1_244' title='bbox 1457 4451 1483 4517; x_wconf 83' lang='grc' dir='ltr'><strong>ν,</strong></span> <span class='ocrx_word' id='word_1_245' title='bbox 1504 4451 1547 4506; x_wconf 89' lang='lat'><strong>11.</strong></span> 
     </span>
     <span class='ocr_line' id='line_1_37' title="bbox 313 4538 1547 4612; baseline -0.006 -13"><span class='ocrx_word' id='word_1_246' title='bbox 313 4547 347 4609; x_wconf 79' lang='lat' dir='ltr'><strong>v,</strong></span> <span class='ocrx_word' id='word_1_247' title='bbox 369 4548 392 4607; x_wconf 81' lang='lat'><strong>1.</strong></span> <span class='ocrx_word' id='word_1_248' title='bbox 413 4549 455 4601; x_wconf 86' lang='lat'><strong>11.</strong></span> <span class='ocrx_word' id='word_1_249' title='bbox 488 4545 513 4610; x_wconf 78' lang='lat' dir='ltr'><strong>a,</strong></span> <span class='ocrx_word' id='word_1_250' title='bbox 533 4547 559 4599; x_wconf 84' lang='lat' dir='ltr'><strong>a.</strong></span> <span class='ocrx_word' id='word_1_251' title='bbox 577 4548 603 4600; x_wconf 83' lang='lat'><strong>5.</strong></span> <span class='ocrx_word' id='word_1_252' title='bbox 622 4548 648 4612; x_wconf 86' lang='lat' dir='ltr'><strong>s,</strong></span> <span class='ocrx_word' id='word_1_253' title='bbox 662 4546 706 4600; x_wconf 81' lang='grc' dir='ltr'><strong>νυ.</strong></span> <span class='ocrx_word' id='word_1_254' title='bbox 734 4545 807 4609; x_wconf 78' lang='lat' dir='ltr'><strong>xiv,</strong></span> <span class='ocrx_word' id='word_1_255' title='bbox 829 4546 853 4609; x_wconf 83' lang='lat'><strong>1,</strong></span> <span class='ocrx_word' id='word_1_256' title='bbox 871 4545 916 4601; x_wconf 78' lang='grc' dir='ltr'><strong>ου.</strong></span> <span class='ocrx_word' id='word_1_257' title='bbox 944 4544 970 4607; x_wconf 83' lang='grc'><strong>3,</strong></span> <span class='ocrx_word' id='word_1_258' title='bbox 989 4544 1013 4598; x_wconf 87' lang='lat' dir='ltr'><strong>e.</strong></span> <span class='ocrx_word' id='word_1_259' title='bbox 1043 4542 1103 4608; x_wconf 83' lang='lat' dir='ltr'><strong>xv,</strong></span> <span class='ocrx_word' id='word_1_260' title='bbox 1117 4545 1141 4604; x_wconf 90' lang='lat'><strong>1,</strong></span> <span class='ocrx_word' id='word_1_261' title='bbox 1155 4540 1198 4595; x_wconf 79' lang='lat' dir='ltr'><strong>ar.</strong></span> <span class='ocrx_word' id='word_1_262' title='bbox 1218 4540 1262 4596; x_wconf 76' lang='lat'><strong>37.</strong></span> <span class='ocrx_word' id='word_1_263' title='bbox 1289 4541 1363 4605; x_wconf 75' lang='lat' dir='ltr'><strong>xvi,</strong></span> <span class='ocrx_word' id='word_1_264' title='bbox 1378 4542 1403 4605; x_wconf 83' lang='lat' dir='ltr'><strong>a,</strong></span> <span class='ocrx_word' id='word_1_265' title='bbox 1425 4543 1459 4596; x_wconf 90' lang='lat'><strong>10</strong></span> <span class='ocrx_word' id='word_1_266' title='bbox 1473 4538 1547 4606; x_wconf 74' lang='lat' dir='ltr'><strong>(aa).</strong></span> 
     </span>
     <span class='ocr_line' id='line_1_38' title="bbox 315 4636 714 4705; baseline -0.005 -15"><span class='ocrx_word' id='word_1_267' title='bbox 315 4637 357 4691; x_wconf 84' lang='lat'><strong>14.</strong></span> <span class='ocrx_word' id='word_1_268' title='bbox 394 4636 482 4702; x_wconf 82' lang='lat' dir='ltr'><strong>xvu,</strong></span> <span class='ocrx_word' id='word_1_269' title='bbox 502 4638 526 4705; x_wconf 92' lang='lat'><strong>1,</strong></span> <span class='ocrx_word' id='word_1_270' title='bbox 545 4637 588 4690; x_wconf 87' lang='lat'><strong>33.</strong></span> <span class='ocrx_word' id='word_1_271' title='bbox 608 4638 651 4690; x_wconf 84' lang='lat'><strong>43.</strong></span> <span class='ocrx_word' id='word_1_272' title='bbox 670 4637 714 4689; x_wconf 77' lang='lat' dir='ltr'><strong>re.</strong></span> 
     </span>
    </p>
   </div>
   <div class='ocr_carea' id='block_1_12' title="bbox 405 4740 1103 4811">
    <p class='ocr_par' dir='ltr' id='par_1_15' title="bbox 405 4740 1103 4811">
     <span class='ocr_line' id='line_1_39' title="bbox 405 4740 1103 4811; baseline -0.009 -12"><span class='ocrx_word' id='word_1_273' title='bbox 405 4740 1103 4811; x_wconf 45' lang='lat' dir='ltr'><strong>UNQRHQUXQLQAEM</strong></span> 
     </span>
    </p>
   </div>
   <div class='ocr_carea' id='block_1_13' title="bbox 0 0 1784 5370">
    <p class='ocr_par' dir='ltr' id='par_1_16' title="bbox 0 0 1784 5370">
     <span class='ocr_line' id='line_1_40' title="bbox 0 0 1784 5370; baseline 0 0"><span class='ocrx_word' id='word_1_274' title='bbox 0 0 1784 5370; x_wconf 95' lang='lat' dir='ltr'><strong> </strong></span> 
     </span>
    </p>
   </div>
  </div>
 </body>
</html>
