3552 5370
887 438 909 503 3

274 633 329 701 ,ad
352 631 633 700 Lacedaemonios
655 631 896 717 transferretur,
924 631 1031 699 dualis
1058 632 1183 699 numeri
1205 652 1284 700 usus
1307 632 1515 701 imminueba-

284 749 346 827 tur,
379 740 511 809 evanuit
538 738 718 806 Alexandri
749 739 861 824 Magni
893 745 1013 809 aetate,
1064 737 1210 818 Quocum
1237 739 1396 827 convenit,
1428 737 1516 825 quod

285 855 425 916 exeunte
457 847 589 915 saeculo
623 854 739 931 quarto
773 849 863 927 δυεῖν,
898 847 932 912 in
965 866 1031 931 qua
1061 845 1244 913 terminatio
1276 844 1384 913 dualis
1410 866 1516 933 paene

285 953 458 1041 intercidit,
481 953 514 1020 iu
538 954 645 1021 locum
667 956 744 1021 ὢοῑν
767 953 891 1021 formae
914 953 1082 1022 successit.

375 1061 557 1148 Scriptores
580 1081 645 1128 non
668 1068 737 1127 tam
760 1066 834 1127 arta
856 1060 934 1145 lege
954 1059 1064 1127 dualis
1081 1054 1175 1128 usum
1188 1059 1516 1146 circumscripserunl,

286 1189 383 1252 quam
405 1169 570 1235 titulorum
593 1167 774 1234 Atticorum
797 1173 956 1235 auctores.
1002 1165 1073 1233 Iam
1099 1164 1190 1254 apud
1211 1166 1385 1234 Homerum
1408 1165 1516 1234 dualis

285 1274 430 1362 ponendi
457 1295 522 1341 non
549 1282 616 1341 tam
644 1273 826 1342 necessitas
853 1294 952 1359 quam
974 1272 1115 1342 facultas
1138 1274 1300 1342 exstabat.
1347 1272 1446 1340 Cuius
1467 1271 1517 1340 rei

284 1382 454 1450 innumera
486 1382 589 1448 habes
616 1380 650 1447 iu
677 1380 784 1447 Iliade
811 1386 844 1447 et
873 1379 1025 1467 Odyssea
1053 1380 1212 1467 exempla
1262 1378 1336 1459 Qua
1366 1379 1517 1448 libertate

285 1487 415 1557 videtur
442 1488 513 1556 fieri
541 1489 704 1575 potuisse,
732 1495 769 1554 ut
796 1487 912 1556 duales
940 1486 1064 1555 formae
1087 1487 1216 1554 omuino
1238 1487 1416 1573 interirent,
1445 1506 1517 1553 cum

285 1603 322 1662 ut
347 1593 531 1682 superfluae
555 1594 588 1660 in
612 1594 807 1662 oblivionem
830 1593 993 1663 caderent
1031 1591 1127 1672 Quod
1149 1593 1182 1659 in
1205 1594 1353 1662 omnibus
1368 1592 1517 1660 Graecae

285 1702 419 1786 linguae
452 1699 605 1770 dialectis
642 1700 765 1769 accidit
800 1708 932 1789 praeter
965 1701 1117 1768 Atticam.
1172 1701 1257 1770 Nam
1287 1721 1392 1786 neque
1427 1698 1518 1788 apud

286 1809 406 1876 Aeoles
439 1829 545 1894 neque
576 1808 666 1895 apud
697 1809 795 1876 Iones
827 1808 943 1876 duales
976 1806 1097 1874 formas
1133 1807 1325 1895 reperimus,
1360 1827 1518 1894 perquam
1659 1832 1661 1835 ·

286 1936 381 1983 raras
413 1914 503 2003 apud
529 1916 646 1985 Dores.
698 1914 796 2002 Apud
826 1914 953 1982 Atticos
987 1921 1097 1982 autem
1124 1914 1298 2001 scriptores
1331 1913 1415 1982 duas
1441 1914 1518 1982 illas

285 2028 427 2108 aetates,
454 2022 592 2089 alteram
620 2042 724 2107 usque
751 2020 795 2088 ad
818 2022 939 2088 bellum
960 2022 1287 2108 Peloponnesiacum,
1314 2021 1450 2088 alteram
1473 2018 1518 2087 ad

285 2128 466 2197 Alexandri
487 2129 599 2214 Magni
622 2128 890 2215 dominationem,
919 2128 1104 2197 discernere
1126 2149 1310 2216 possumus.
1353 2128 1439 2198 Nam
1462 2128 1519 2212 qui

287 2243 365 2304 ante
392 2256 512 2304 aunum
540 2235 894 2321 quadringentesimum
916 2235 985 2303 lere
1007 2236 1206 2322 scripserunt
1228 2242 1365 2322 excepto
1388 2234 1517 2322 Thucy·

286 2341 378 2429 dide,
404 2342 604 2429 Aeschylus,
633 2342 829 2429 Sophocles,
856 2341 1044 2429 Euripides,
1070 2342 1318 2429 Aristophanes,
1345 2341 1518 2429 Antiphon,

285 2449 474 2518 Andocides
512 2450 620 2517 dualis
655 2450 757 2517 multo
795 2449 952 2517 maiorem
987 2458 1082 2518 usu'm
1118 2450 1289 2536 praebent,
1328 2469 1427 2534 quam
1462 2450 1519 2535 qui

286 2563 413 2644 postea,
435 2557 565 2644 Lysias,
582 2557 756 2643 Isocrates,
774 2555 967 2644 Xenophon.
1000 2556 1171 2643 Lycurgus
1189 2564 1306 2643 autem,
1324 2555 1518 2644 Hyperides,

285 2663 537 2750 Demosthenes,
570 2662 756 2732 Dinarchus
788 2682 922 2750 perraro
950 2683 989 2730 eo
1017 2663 1068 2730 usi
1095 2670 1178 2731 sunt
1223 2663 1344 2730 Contra
1366 2663 1461 2731 Plato
1485 2672 1519 2733 et

285 2771 401 2839 Isaeus
424 2771 459 2837 in
481 2790 520 2837 eo
544 2756 730 2837 adhibendo
755 2770 854 2855 longe
876 2768 1008 2837 modum
1031 2769 1217 2855 aequalium
1241 2778 1459 2840 arcesserunt

376 2876 478 2943 llulto
502 2882 611 2943 autem
633 2877 741 2961 magis
764 2876 799 2943 in
821 2876 934 2944 formis
961 2876 1190 2944 verbalibus
1220 2897 1299 2945 usus
1327 2877 1519 2964 scriptorum

285 3004 308 3049 a
343 2982 446 3050 titulis
483 2982 616 3051 recedit
677 2983 762 3052 Nam
798 2983 831 3049 iu
868 2983 972 3050 titulis
1008 2990 1082 3070 post
1118 3004 1237 3051 aunum
1273 2983 1518 3052 ccccxvssm

286 3089 431 3158 exaratis
471 3089 579 3158 dualis
619 3091 712 3158 verbi
752 3111 818 3158 nou
852 3097 975 3176 exstat,
1010 3091 1131 3178 Lysias
1163 3098 1287 3177 autem,
1324 3092 1516 3180 Xenophon,

284 3197 391 3284 Plato,
423 3197 539 3267 Isaeus
566 3198 619 3266 his
647 3198 760 3266 formis
788 3199 890 3265 multo
918 3199 1052 3284 saepius
1080 3198 1132 3267 usi
1159 3206 1235 3266 sunt
1261 3201 1517 3287 quampriores,

285 3304 333 3369 ita
364 3311 399 3371 ut
433 3305 520 3373 eirca
557 3326 677 3372 annum
715 3305 1073 3391 quadringentesimum
1108 3306 1279 3373 verborum
1315 3305 1423 3373 dualia
1453 3327 1519 3374 non

286 3411 473 3497 evanuisse,
510 3411 571 3480 sed
607 3412 752 3480 crevisse
788 3410 948 3479 videatur.
1008 3414 1062 3479 cbo
1098 3432 1225 3496 quoque
1256 3412 1407 3479 vocabuli
1438 3433 1518 3482 usus

284 3515 375 3602 apud
406 3518 582 3604 scriptores
614 3519 700 3587 alius
738 3525 788 3587 est
820 3525 920 3604 atque
951 3519 985 3584 in
1017 3516 1130 3586 titulia
1181 3519 1219 3584 In
1248 3519 1301 3587 his
1328 3519 1414 3586 enim
1442 3527 1519 3588 ante

285 3644 404 3690 anuum
433 3623 632 3692 (lOOCIXlum
657 3625 741 3693 haec
774 3646 838 3691 vox
867 3645 996 3711 semper
1028 3646 1101 3693 cum
1133 3625 1223 3693 duali
1255 3628 1427 3695 coniuncta
1459 3635 1519 3715 est,

285 3728 376 3817 apud
407 3731 620 3817 Aeschylum,
658 3732 867 3820 Sophoclem,
904 3731 1107 3820 Euripidem,
1143 3733 1395 3821 Aristophanem
1429 3733 1519 3802 baud

285 3858 359 3905 raro
384 3860 456 3907 eum
478 3838 608 3925 plurali

375 3945 490 4013 blirum
512 3952 622 4012 autem
647 3965 723 4013 esse
745 3967 809 4012 nou
831 3953 941 4033 potest
964 3948 1129 4014 titulorum
1151 3968 1245 4015 usum
1264 3969 1337 4016 cum
1355 3949 1518 4035 scriptori·

285 4051 346 4118 bus
374 4053 610 4138 aliquantulum
639 4051 837 4138 discrepare.
889 4053 1070 4122 Titulorum
1098 4054 1184 4122 euim
1211 4061 1361 4124 auctores
1389 4075 1462 4122 cum
1483 4055 1519 4121 in

286 4156 411 4225 eisdem
437 4160 491 4229 vel
518 4161 678 4229 similibus
706 4160 803 4228 rebus
831 4161 1021 4248 plerumque
1042 4168 1258 4248 versarentur,
1285 4160 1518 4229 consuetudine

286 4261 429 4347 quadam
465 4266 507 4333 de
545 4267 705 4335 similibus
743 4268 840 4335 rebus
878 4267 995 4335 eadem
1031 4268 1172 4335 iterandi
1217 4267 1262 4336 ad
1302 4269 1518 4336 constantiam

286 4369 452 4455 quandam
474 4372 606 4441 dicendi
629 4373 764 4440 adducti
787 4380 871 4441 suut
908 4374 1092 4460 Scriptores
1115 4396 1193 4443 vero
1215 4396 1274 4463 pro
1298 4394 1357 4443 suc
1380 4375 1518 4461 quisque

286 4477 418 4563 ingenio
448 4498 571 4565 proque
599 4501 720 4566 genere
742 4481 923 4549 litterarum
950 4479 1038 4566 quod
1064 4482 1228 4567 colebant,
1254 4482 1312 4548 alii
1339 4481 1384 4549 ad
1414 4483 1517 4568 quoti·

289 4583 423 4651 dianum
466 4606 645 4654 sermonem
689 4588 823 4675 propius
868 4594 1090 4669 accesserunt,
1132 4589 1189 4655 alii
1230 4609 1328 4673 quam
1367 4597 1520 4677 poterant

286 4692 426 4761 maxime
449 4713 523 4762 sese
546 4702 759 4762 removerunt.

1323 4802 1356 4859 1*
