3552 5370
946 397 990 462 48

862 487 1075 495 ——-

355 594 387 653 et
413 587 608 673 participiis.
636 589 700 656 nisi
729 590 1003 657 substantivorum
1030 592 1135 658 locum
1164 594 1331 679 tenebant,
1360 594 1469 661 dualis
1491 595 1582 661 notio

353 694 443 761 nulla
471 695 590 773 inerat,
620 695 679 762 sed
706 704 830 762 tantum
855 699 1067 781 congruentia
1090 699 1362 766 substantivorum
1385 702 1581 787 requirebat,

353 808 389 868 ut
412 801 542 868 dualem
565 801 743 872 induerent.
780 803 900 870 Contra
922 805 957 870 in
979 806 1220 889 pronominibus
1245 806 1508 875 demonstrativis
1531 810 1582 876 via

353 907 512 992 quaedem
534 910 675 995 plastica
697 911 792 989 inest,
821 932 922 995 qnare
948 912 982 977 in
1014 912 1062 979 eis
1090 920 1124 979 et
1150 914 1184 978 in
1207 916 1420 981 membrorum
1444 916 1579 1000 paribus

352 1015 481 1082 dualem
513 1015 635 1083 diutius
667 1026 829 1084 servatum
857 1039 930 1086 esse
957 1019 1187 1104 intellegimus.
1240 1020 1306 1086 Sed
1333 1042 1398 1087 non
1429 1022 1533 1088 solum
1561 1043 1580 1089 e

352 1122 600 1209 significatione,
622 1144 732 1191 verum
756 1127 854 1191 etiam
877 1146 896 1193 e
919 1126 1030 1193 formis
1054 1127 1135 1212 ipsis
1160 1127 1202 1194 de
1221 1128 1352 1194 interitu
1367 1128 1579 1195 iudicandum

351 1230 423 1298 erit.
462 1230 555 1309 Quae
578 1230 663 1298 enim
686 1233 828 1299 maxime
850 1253 945 1299 rarae
968 1241 1061 1299 erant
1084 1234 1208 1302 formae
1232 1243 1265 1300 et
1288 1256 1359 1301 cum
1382 1236 1580 1302 nominativo

351 1337 507 1422 singulari
541 1338 692 1405 confundi
725 1345 883 1425 poterant,
915 1347 951 1406 nt
979 1340 1012 1405 in
1040 1366 1088 1420 -α,
1125 1348 1202 1408 ante
1236 1351 1362 1408 ceteras
1395 1343 1579 1409 exolevisse

350 1445 545 1530 putabimus.
591 1445 640 1511 Ac
663 1446 691 1512 si
715 1445 831 1512 duales
853 1446 1023 1512 verborum
1046 1446 1170 1515 formae
1193 1448 1283 1533 prius
1307 1469 1405 1533 quam
1428 1442 1578 1517 substan·

349 1552 486 1617 tivorum
510 1551 709 1637 interierunt,
737 1553 1131 1620 nominativi-accusativi
1154 1555 1276 1621 formas
1300 1556 1576 1623 substantivorum

350 1659 448 1743 paulo
462 1666 538 1744 post
551 1666 680 1726 secutas
695 1680 768 1727 csse
783 1660 880 1726 facile
895 1660 1207 1747 comprehendimus.
1244 1662 1327 1731 Nam
1352 1664 1480 1730 etiamsi
1503 1664 1577 1730 suh·

349 1766 468 1831 iectum
492 1787 562 1832 cum
586 1767 775 1853 praedicato
798 1769 831 1833 in
850 1788 982 1834 numero
998 1767 1088 1834 duali
1104 1768 1232 1834 omnino
1249 1789 1426 1853 congruere
1440 1790 1578 1837 necesse

299 1935 301 1941 .
349 1867 413 1938 non
445 1880 525 1959 erat,
558 1880 666 1941 tamen
699 1874 775 1958 quia
808 1873 915 1941 dualis
946 1875 1036 1940 verbi
1070 1895 1111 1941 ex
1142 1875 1305 1942 bominum
1338 1877 1492 1942 memoria
1521 1897 1576 1943 ex·

349 1980 487 2065 ciderat,
515 1980 549 2045 id
578 1989 665 2047 certe
693 1981 841 2048 effecisse
866 1982 1014 2048 conicere
1037 1982 1163 2067 licebit,
1191 1992 1227 2048 ut
1254 1983 1443 2049 nominativi
1467 1983 1577 2049 dualis

348 2086 451 2153 souma
474 2087 607 2172 saepius
630 2088 748 2173 plurali
772 2088 910 2156 cederet

437 2192 530 2271 Quae
558 2195 666 2260 omnia
693 2195 761 2261 fere
794 2215 854 2262 usn
887 2195 1076 2280 scriptorum
1105 2197 1147 2261 ab
1175 2196 1307 2262 Homeri
1334 2203 1444 2263 aetate
1470 2217 1576 2281 nsque

347 2300 391 2366 ad
414 2308 560 2367 oratores
582 2301 707 2367 Atticos
731 2301 965 2368 confirmantur.
1003 2303 1102 2368 Cuius
1126 2302 1173 2368 rei
1197 2303 1346 2387 exempla
1370 2323 1477 2389 pauca
1500 2325 1573 2389 pro-

346 2407 458 2475 feram.
502 2409 689 2475 Formarum
713 2410 746 2474 in
769 2433 806 2474 -α
830 2429 922 2476 usum
946 2410 1011 2475 iam
1034 2409 1270 2494 antiquissimis
1294 2412 1493 2497 temporibus
1516 2413 1575 2477 im·

347 2518 502 2583 minutum
539 2537 612 2584 esec
648 2517 874 2601 cognoscimus
910 2537 952 2583 ex
988 2516 1159 2602 Aeschylo,
1197 2517 1370 2602 Sophocle,
1407 2517 1574 2604 Euripide,

346 2623 577 2708 Aristophane,
606 2624 661 2708 qui
689 2644 760 2690 cum
789 2627 840 2689 δοο
863 2625 1021 2690 vocabulo
1044 2625 1169 2709 primae
1192 2623 1419 2691 declinationis
1443 2625 1574 2692 dualem

346 2733 471 2816 novies,
504 2732 663 2817 pluralem
694 2733 795 2799 vicies
827 2739 890 2817 ter,
924 2733 1088 2799 secundae
1126 2740 1159 2798 et
1192 2733 1308 2799 tertiae
1345 2732 1574 2799 declinationis

345 2840 473 2905 dualem
504 2839 720 2923 quinquagies
749 2840 858 2925 semel,
885 2839 1043 2925 pluralem
1072 2840 1172 2906 octies
1203 2840 1444 2906 coniunxerunt.
1491 2839 1572 2906 Ver-

344 2948 454 3013 borum
478 2945 608 3012 dualem
631 2947 696 3012 cito
720 2947 892 3012 evanuisse
916 2947 999 3012 tituli
1022 2947 1121 3013 Attici
1144 2967 1203 3013 nos
1227 2946 1412 3013 docuerunt
1448 2945 1568 3024 Quam·

344 3074 439 3138 quam
467 3053 556 3138 apud
584 3053 758 3138 scriptores
772 3054 929 3123 ‚Platonis
957 3053 1025 3121 fere
1049 3055 1205 3137 aequales
1229 3053 1401 3119 formarum
1425 3054 1569 3119 dualium

344 3179 495 3226 numerus
517 3180 581 3227 non
604 3160 708 3225 minor
731 3169 810 3245 erat,
834 3168 942 3226 tamen
965 3159 1071 3226 dualis
1094 3160 1145 3226 vis
1168 3158 1340 3226 debilitata
1364 3167 1443 3227 erat.
1485 3160 1570 3226 Nam

343 3270 396 3334 hbe
424 3267 524 3332 multo
553 3267 685 3352 saepius
713 3286 785 3332 cnm
806 3267 926 3352 plurali
949 3287 1045 3350 quarn
1070 3287 1142 3332 cum
1167 3266 1258 3333 duali
1281 3266 1485 3332 coniunctum
1509 3274 1568 3346 est,

342 3376 516 3460 pleraeque
548 3383 656 3440 autem
688 3373 811 3440 formae
843 3372 958 3440 duales
989 3374 1123 3440 voculas
1155 3376 1234 3440 δοοῖν
1268 3383 1301 3440 et
1331 3373 1442 3462 ἀμφοῖν
1475 3372 1570 3457 quasi

342 3480 538 3547 adminicula
575 3481 823 3547 arcessiverunt.
881 3482 992 3565 Usque
1030 3480 1073 3546 ad
1110 3481 1145 3546 id
1180 3489 1308 3566 tempus
1345 3481 1452 3547 dualis
1489 3502 1569 3548 usus

342 3589 461 3655 sensim
475 3588 694 3673 decrescebat,
718 3587 805 3674 apud
820 3588 1028 3654 Aristotelem
1044 3588 1113 3654 eius
1128 3588 1222 3653 ruina
1246 3588 1397 3655 absoluta
1420 3596 1567 3673 apparet.

340 3696 423 3764 Nam
453 3715 558 3778 neque
585 3695 675 3760 verbi
703 3694 810 3761 dualis
838 3702 975 3780 excepta
1005 3715 1069 3760 una
1093 3694 1195 3760 forma
1218 3694 1315 3783 ἤστην
1337 3716 1442 3779 neque
1465 3694 1566 3761 nomi·

340 3822 414 3866 num
438 3801 820 3866 nominativi-accusativi
842 3801 942 3866 ullum
966 3802 1146 3886 exemplum
1169 3802 1203 3867 in
1226 3802 1296 3869 eins
1315 3802 1406 3867 libris
1423 3807 1566 3866 exstant.

340 3908 438 3975 Solae
465 3909 499 3973 in
526 3931 592 3974 -αιν
616 3916 649 3974 et
671 3931 730 3973 -οιν
761 3906 884 3974 formae
915 3916 1103 3973 manserunt
1135 3915 1232 3992 atque
1266 3929 1325 3974 eae
1357 3926 1468 3972 omnes
1498 3906 1567 3972 fere

340 4035 411 4081 cnm
440 4018 522 4082 δοοῖν
550 4021 582 4081 et
609 4014 717 4103 ἀμφοῖν
753 4015 959 4098 coniunctae,
992 4014 1039 4080 ita
1070 4023 1106 4080 ut
1135 4014 1283 4080 dubitare
1310 4033 1374 4078 non
1402 4013 1566 4097 possimne

339 4123 416 4207 quin
447 4122 641 4188 attractione
677 4121 819 4205 quadam
856 4119 1027 4187 formarum
1067 4122 1172 4204 magis
1209 4140 1306 4203 quam
1343 4119 1420 4184 viva
1457 4119 1567 4184 adhuc

339 4229 446 4296 dualis
467 4230 499 4294 vi
519 4229 750 4296 contineantur.
788 4227 894 4306 Quae
916 4249 1005 4294 vero
1029 4248 1102 4292 non
1126 4228 1357 4292 coniunctae
1381 4225 1565 4292 exbiben-

338 4346 412 4421 tur,
459 4356 587 4401 omnes
633 4335 713 4401 lere
759 4336 908 4420 parium
946 4335 1196 4400 membrorum
1233 4341 1319 4400 sunt
1356 4332 1563 4417 significa·

338 4445 507 4523 tiones.¹)

430 4587 451 4654 ¹)
473 4585 661 4641 Memorabilis
686 4603 752 4641 sane
775 4588 818 4641 est
840 4586 915 4639 loeus
937 4596 990 4654 nep.
1014 4598 1068 4653 πορ.
1092 4578 1164 4649 ζῴων
1183 4581 1217 4637 12
1235 4601 1263 4652 p.
1284 4582 1358 4636 'illa
1376 4583 1410 4636 ‘Al
1434 4599 1489 4651 quo
1511 4584 1566 4631 τοῖν

337 4672 436 4727 σκελοῖν
454 4694 509 4730 non
529 4675 562 4730 de
581 4692 644 4738 uno,
668 4675 716 4729 sed
735 4675 770 4729 de
789 4673 977 4743 compluribus
998 4670 1114 4743 paribus
1134 4689 1244 4726 crurum
1263 4671 1375 4727 dicitur.
1412 4672 1471 4726 Hoc
1488 4669 1566 4725 enim
