3552 5370
793 519 835 583 51

205 739 222 783 e
245 717 352 803 priore
374 723 483 783 aetate
507 715 702 782 remansisse
725 734 807 779 neve
831 713 1034 779 coniunxeris
1049 734 1120 778 curn
1137 723 1236 800 χεροῖν
1252 712 1317 797 illo,
1341 710 1427 795 quod

176 868 188 887 Α.
204 825 245 890 ab
270 822 442 890 Aristotele
470 842 573 906 usque
601 820 644 887 ad
673 820 842 906 Polybium
870 820 998 885 unicum
1026 819 1095 886 fere
1124 820 1231 885 dualis
1254 840 1327 885 cum
1349 820 1429 884 δοοίν

204 951 267 996 νον
299 930 460 996 coniuncti
498 928 678 1013 exemplum
716 936 780 1012 est,
816 948 898 993 nere
936 926 1058 994 dixeris
1094 928 1244 993 iteratum
1282 926 1428 992 eiusdem

76 1082 79 1088 ,
161 1113 164 1118 ¹
195 1038 351 1113 ,vocabuli
376 1058 468 1103 nsum
492 1035 717 1102 evanescentis
741 1034 848 1100 dualis
872 1035 999 1118 signum
1023 1055 1105 1101 esse.
1141 1034 1225 1101 Nam
1248 1033 1428 1100 accusativi

205 1144 311 1211 dualis
335 1144 438 1208 forma
462 1144 493 1208 in
518 1169 550 1208 -s
573 1151 649 1229 post
672 1163 790 1208 annum
804 1141 1005 1208 00thlem
1019 1162 1049 1210 a.
1066 1140 1102 1208 Ο.
1115 1163 1146 1207 ν.
1170 1162 1234 1207 non
1257 1140 1427 1206 invenitur.

203 1250 298 1329 Quod
321 1271 397 1317 vero
420 1251 463 1316 ab
487 1249 600 1316 eodem
623 1249 779 1315 vocabulo
805 1249 985 1315 derivatum
1013 1256 1063 1315 est
1090 1256 1189 1332 atque
1216 1258 1316 1337 χεροῖν
1338 1247 1428 1330 illud,

203 1358 248 1423 nil
271 1357 359 1423 aliud
387 1358 517 1443 probat,
551 1357 614 1424 nisi
642 1378 714 1422 eum
742 1377 821 1422 voce
851 1357 919 1444 χείρ
949 1357 1037 1442 apud
1065 1356 1209 1423 Graecos
1233 1355 1339 1421 dualis
1362 1355 1428 1420 vim

204 1472 273 1531 arte
307 1465 504 1531 cohaesisse.
556 1463 651 1542 Quod
683 1484 746 1529 non
780 1484 801 1528 a
829 1464 952 1546 multis,
983 1463 1041 1529 sed
1070 1465 1111 1528 ab
1140 1484 1204 1529 una
1231 1462 1293 1529 hac
1321 1462 1428 1528 dualis

203 1573 306 1638 forma
329 1570 573 1656 redintegrandi
596 1571 722 1636 initium
745 1571 836 1655 fecit,
861 1592 902 1637 ne
925 1570 985 1636 hoc
1009 1570 1139 1655 quidem
1169 1570 1289 1636 iudicio
1318 1577 1428 1636 nostro

204 1680 322 1745 obstat.
368 1679 452 1744 Nam
475 1700 546 1744 curn
569 1679 642 1764 ipsc
665 1678 785 1762 aliique
809 1678 879 1745 eius
903 1678 1022 1744 aetatis
1046 1679 1221 1763 scriptores
1250 1677 1428 1743 orationem

203 1808 224 1851 a
251 1785 377 1870 vulgari
410 1786 454 1851 ad
482 1786 580 1851 Attici
613 1786 771 1853 sermonis
804 1786 1022 1852 sinceritatem
1054 1784 1221 1852 reflectere
1250 1784 1428 1868 studerent,

204 1914 267 1959 non
299 1893 406 1960 subito
439 1900 540 1958 totum
573 1892 777 1977 splendorem
810 1893 939 1979 priscae
972 1892 1059 1959 illius
1092 1893 1248 1960 orationis
1276 1892 1308 1957 in
1336 1912 1429 1957 suum

203 2021 295 2067 usum
326 2008 503 2083 verterunt,
537 1999 597 2067 sed
627 2000 784 2085 paulatim
812 2020 871 2084 pro
900 2020 958 2066 suo
988 2000 1125 2084 quisquc
1152 1999 1283 2083 ingenio
1306 2018 1429 2083 proque

204 2108 311 2174 studio
340 2107 427 2191 quod
457 2106 667 2193 scriptoribus
697 2107 859 2172 veteribus
883 2106 1031 2191 legendis
1055 2106 1285 2191 imitandisque
1308 2106 1428 2191 impen-

204 2214 332 2299 derant,
361 2213 548 2280 facultatem
576 2214 683 2280 Attice
712 2213 874 2279 scribendi
902 2212 1014 2299 adepti
1043 2221 1127 2282 sunt.
1179 2213 1292 2280 Studio
1321 2220 1428 2278 autem

203 2331 346 2389 veterum
361 2320 552 2407 Dionysium
572 2320 615 2386 ad
636 2320 765 2387 dualem
789 2320 1009 2387 renovandum
1032 2320 1208 2387 adductum
1233 2341 1306 2387 esse
1329 2320 1427 2385 facile

203 2438 254 2495 cst
277 2429 453 2496 intellectu.
490 2429 570 2495 Erat
589 2437 749 2494 oratorum
767 2427 1022 2514 scriptorumque
1036 2430 1214 2495 Atticorum
1238 2449 1301 2494 non
1325 2427 1428 2493 sulum

203 2536 316 2621 iudea,
344 2536 403 2603 sed
433 2537 531 2603 etiam
559 2536 709 2601 imitator.
756 2538 863 2620 Atque
892 2556 963 2602 cum
993 2536 1025 2600 in
1055 2536 1254 2603 orationibus
1278 2556 1359 2620 quas
1383 2534 1428 2599 in-

204 2642 306 2707 texuit
330 2642 578 2726 archaeologiae
602 2642 831 2727 componendis
855 2651 998 2710 retemm
1027 2643 1206 2709 locutiones
1237 2643 1428 2710 sententias·

205 2768 267 2831 que
291 2754 421 2813 secutus
446 2749 531 2831 sit¹),
554 2747 668 2814 duales
693 2768 820 2833 quoque
843 2750 963 2816 formas
987 2771 1026 2815 ex
1047 2749 1159 2816 eodem
1175 2752 1262 2815 fonte
1277 2770 1429 2815 manasse

204 2855 407 2920 coniciamus.
442 2855 480 2919 ln
495 2854 585 2920 libris
600 2855 752 2922 rhetorici
767 2858 947 2939 argumenti
962 2856 1091 2924 dualem
1114 2857 1255 2924 nondum
1272 2857 1428 2941 adhibuit,

204 2961 281 3045 quia
310 2962 341 3025 in
372 2960 422 3027 his
450 2962 555 3028 minus
583 2961 755 3029 imitationi
782 2972 925 3029 veterum
959 2985 1090 3050 operam
1123 2964 1222 3031 dedit.
1275 2964 1430 3030 Similiter
1485 2955 1490 2965 “

204 3068 246 3133 de
276 3068 387 3134 libello
415 3073 496 3154 περὶ
523 3066 634 3155 ὅψοος
661 3078 694 3135 et
725 3070 765 3135 de
797 3069 954 3138 Cebetis
983 3074 1093 3138 tabula
1122 3071 1329 3138 iudicandum
1357 3072 1428 3157 erit,

203 3176 266 3243 nisi
289 3177 377 3261 quod
400 3176 432 3241 hi
457 3177 579 3243 ambitu
603 3179 779 3262 perexiguo
804 3187 888 3247 sunt.

292 3283 409 3350 Dualis
434 3293 542 3351 alitem
566 3306 716 3352 uumerus
741 3294 912 3353 caretate
936 3287 1044 3353 studio
1069 3287 1209 3352 omnium
1237 3285 1428 3371 scriptorum

203 3392 257 3474 qui
285 3398 428 3456 veterum
451 3393 592 3475 vestigia
616 3374 816 3477 presserunt,
849 3394 881 3458 in
908 3395 1008 3458 vitam
1032 3402 1202 3460 revocatus
1226 3400 1285 3460 est.
1333 3391 1428 3470 Quod

204 3518 243 3563 ex
274 3497 434 3563 Nicolao
463 3500 724 3581 Damasceno,
758 3500 887 3583 aequali
919 3501 1080 3586 Dionysii,
1109 3500 1345 3585 cognoscimus,
1373 3500 1428 3584 qui

203 3605 323 3669 formas
347 3604 379 3668 in
404 3628 427 3667 ω
451 3611 483 3670 et
506 3629 520 3668 e
544 3613 577 3669 et
596 3629 637 3670 οιν
661 3605 818 3672 adhibuit.

291 3711 396 3794 Atque
420 3710 461 3777 de
480 3711 643 3778 Philone
666 3718 793 3778 veteres
816 3713 879 3798 ipsi
903 3713 1065 3780 dixerunt:
1090 3713 1251 3802 ἢΠλάτων
1275 3718 1427 3802 prioritas,

203 3818 223 3903 ἢ
248 3816 353 3884 Φίλων
372 3819 555 3893 chararico,
579 3819 665 3902 quod
689 3841 751 3885 non
775 3820 878 3886 solum
901 3821 944 3886 ad
968 3824 1155 3906 sententias,
1179 3822 1238 3887 sed
1261 3822 1303 3887 ad
1327 3823 1427 3888 verba

202 3926 274 4009 ipsa
307 3924 435 3993 fuerunt
471 3927 525 4010 qui
562 3927 726 3994 referrent.
786 3929 866 3995 Utut
897 3937 959 4012 est,
1000 3937 1088 3997 recte
1118 3929 1303 4015 Leopoldus
1336 3929 1427 3995 Oohn

204 4031 317 4114 (Bresl.
348 4033 459 4118 philol.
493 4033 575 4099 Abh.
605 4036 636 4118 4,
665 4037 686 4098 4
722 4055 755 4119 p.
784 4035 873 4115 XLI)
907 4057 1124 4122 quamquam,
1162 4037 1274 4120 inquit,
1307 4036 1425 4119 (Philo)

202 4139 294 4206 novis
331 4150 363 4206 ct
399 4142 482 4209 raris
518 4141 686 4207 vocabulis
724 4148 757 4207 et
794 4142 989 4209 dictionibus
1026 4164 1089 4209 non
1126 4144 1223 4229 plane
1259 4143 1426 4229 abstinuit,

203 4266 403 4332 summopere
435 4255 542 4316 tamen
576 4247 711 4331 studuit,
745 4257 780 4312 ut
812 4250 989 4315 orationem
1023 4272 1114 4317 suam
1147 4251 1253 4316 Attico
1286 4250 1426 4333 quodam

202 4354 310 4420 colore
333 4354 499 4424 afficeret.‘
532 4357 590 4422 Cui
611 4355 711 4421 colori
725 4355 833 4422 Attico
858 4357 956 4422 etiam
979 4356 1086 4424 dualis
1111 4378 1188 4424 usus
1211 4357 1425 4424 adnumeran-

202 4458 263 4525 dus
287 4468 345 4527 est.

293 4707 314 4777 ¹)
333 4709 366 4764 cf.
380 4710 405 4765 J.
418 4711 527 4777 Flierle‚
546 4712 637 4767 Ueber
649 4713 892 4784 Nachahmungeu
911 4714 957 4768 dee
971 4715 1123 4780 Demosth,
1142 4715 1279 4785 Thukyn,
1298 4716 1424 4789 Xenoph.

200 4799 231 4854 in
249 4800 303 4853 den
321 4798 415 4855 Reden
434 4800 483 4856 der
501 4807 570 4855 rbm.
591 4801 790 4875 Archacologie
808 4803 856 4857 des
874 4803 990 4874 Dionys.
1026 4802 1138 4876 Lipsiae
1158 4805 1235 4859 1890.
