3552 5370
726 507 849 605 ,ιο

303 706 347 772 Ut
371 704 486 770 duales
505 704 624 770 formas
639 702 832 770 Aristoteles
856 702 1044 788 plerumque
1067 722 1139 767 eum
1162 705 1239 767 δυοῖν
1263 708 1296 767 et
1319 699 1440 788 ἀμφοῖν,

215 813 261 878 ita
284 815 361 878 δυοῖν
386 822 418 879 et
442 810 550 901 ἀμφοῖν
573 810 771 896 plerumque,
796 809 942 877 sednon
965 816 1131 895 perpetuo,
1160 829 1231 875 oum
1254 807 1344 874 duali
1369 827 1441 873 eon·

215 919 326 986 iunxit.
376 919 460 987 Nam
493 918 555 985 etsi
586 938 693 1003 pauca
727 923 801 985 sunt
828 915 977 1003 exempla
1005 919 1082 983 δυοῖν
1115 936 1187 982 cum
1216 915 1335 1001 plurali
1367 935 1440 981 oon-

217 1027 331 1111 iuncti,
365 1026 463 1112 paulo
491 1026 584 1111 plura
613 1025 734 1112 ἀμφοῖν,
766 1031 874 1091 tamen
897 1024 1115 1108 frequentiora
1138 1030 1212 1090 sunt
1235 1043 1331 1107 quam
1353 1021 1441 1108 apud

215 1133 394 1200 Platonem.
446 1132 540 1211 Quod
569 1152 645 1199 vero
678 1132 786 1221 ἀμφοῖν
819 1133 953 1217 saepius
985 1151 1057 1198 cum
1089 1131 1206 1216 plurali
1237 1130 1442 1215 coniungitur

215 1262 312 1325 quam
347 1243 442 1317 δυοῖν,
478 1240 700 1306 coniciendum
736 1260 801 1306 non
837 1246 888 1307 est
919 1238 1029 1328 ἀμφοῖν
1059 1239 1182 1306 formae
1213 1238 1279 1304 rim
1311 1237 1442 1305 dualem

214 1351 367 1424 minorem
412 1348 549 1415 infuisse
594 1368 691 1432 quam
736 1350 826 1414 δυοῖν.
886 1345 986 1413 Immo
1033 1347 1136 1412 maior
1180 1346 1293 1412 inerat
1356 1345 1440 1413 Nam

214 1458 305 1545 ἀμφω
332 1455 537 1539 vocabulum,
567 1475 630 1538 quo
658 1453 744 1521 duae
772 1454 842 1520 sive
869 1473 1029 1539 personae
1060 1454 1129 1521 sive
1157 1474 1210 1520 res
1240 1453 1334 1538 quasi
1357 1453 1442 1519 inter

216 1586 252 1631 se
284 1564 475 1630 coniunctae
507 1562 897 1649 comprehenduntur,
928 1561 1063 1647 propius
1095 1561 1224 1628 accedit
1256 1561 1300 1627 ad
1333 1559 1440 1627 dualis

214 1671 279 1737 rim
311 1670 494 1756 genuinam,
526 1691 624 1755 quarn
651 1673 713 1746 δυο,
745 1690 809 1754 quo
838 1690 891 1736 res
918 1676 1042 1735 tantum
1070 1676 1327 1736 numerantur.
1374 1667 1440 1734 Sed

216 1779 326 1866 ἀμφοῖν
350 1779 538 1863 plerumque
561 1777 774 1863 postponitur.
812 1776 957 1843 Facilius
981 1784 1090 1843 autem
1112 1776 1180 1843 fere
1201 1775 1245 1860 fit,
1268 1783 1304 1842 ut
1317 1776 1440 1842 formae

215 1907 299 1969 quae
331 1883 528 1952 antecedunt
560 1884 725 1950 attrahant
757 1890 939 1969 sequentes,
967 1905 1064 1969 quam
1094 1884 1299 1950 eontrarium.
1346 1882 1440 1950 Unde

216 1993 338 2079 evenit,
364 2001 400 2058 ut
422 1993 541 2083 ἀμφοῖν,
571 1992 633 2058 etsi
657 1995 842 2078 δνῖιιώτερον,
867 1999 903 2057 ut
924 1992 972 2057 ita
995 1991 1110 2077 dicam,
1138 1998 1209 2058 erat
1232 2011 1328 2076 quarn
1352 1993 1439 2068 δυοῖν,

216 2102 348 2187 οοομίαο
373 2121 445 2167 eum
467 2099 586 2185 plurali
610 2100 864 2185 coniungeretur.

303 2226 375 2305 Quo
398 2226 504 2292 minus
527 2224 699 2293 discrimen
722 2225 806 2292 inter
830 2224 928 2291 Attici
953 2225 1109 2292 sermonis
1137 2244 1230 2291 usum
1261 2230 1294 2291 et
1316 2222 1438 2290 Aristo·

213 2336 288 2402 telis
312 2332 510 2400 intercedere
532 2332 660 2399 videtur
682 2333 715 2398 in
739 2335 814 2399 δυοῖν
837 2353 909 2399 ουτω
932 2332 1114 2399 nominibus
1138 2330 1374 2416 coniungendo,
1398 2351 1438 2397 eo

213 2442 317 2508 maius
349 2442 382 2507 in
410 2444 462 2506 δυο
490 2440 684 2507 declinando
713 2441 827 2507 elucet.
874 2440 958 2509 Nam
986 2442 1061 2505 δυεῖν
1089 2446 1120 2507 et
1143 2440 1210 2506 δυοῖ
1233 2438 1344 2505 formis
1368 2459 1439 2523 per·

213 2569 314 2634 saepe
340 2568 419 2615 usus
447 2555 510 2627 est,
540 2569 624 2632 quae
653 2547 828 2614 abhorrent
855 2548 896 2613 ab
925 2547 1022 2612 Attici
1051 2548 1208 2613 sermonis
1240 2546 1437 2613 sinceritate.

216 2656 332 2723 Dnalis
355 2662 464 2721 autem
488 2656 617 2721 omnino
640 2662 707 2720 tam
733 2654 919 2739 infrequens
947 2662 1012 2739 est,
1042 2662 1077 2720 ut
1104 2675 1175 2720 eum
1204 2654 1350 2721 Platonis
1377 2674 1439 2720 usu

212 2927 272 2982 loeo
295 2924 386 2981 verbis
408 2931 481 2975 πᾶσιν
504 2920 571 2985 ὅσοις
589 2921 695 2994 ὑπάρχοι
712 2921 733 2994 ἡ
751 2924 817 2974 aar&
835 2921 908 2975 τόπον
927 2920 1059 2994 μεταβολὴ
1076 2927 1129 2975 τοῖν
1147 2919 1246 2974 σκελοῖν
1268 2940 1324 2979 non
1347 2922 1381 2978 de
1399 2923 1439 2978 eis

213 3016 307 3085 agitur
333 3014 508 3079 animalibus,
537 3031 609 3082 qnae
637 3013 742 3069 duobus
765 3013 902 3080 eruribus,
927 3013 975 3069 sed
996 3013 1030 3069 de
1054 3013 1189 3081 omnibus,
1217 3030 1289 3082 quae
1311 3013 1437 3069 eruribus

212 3109 368 3170 moventur;
388 3122 443 3159 non
462 3099 550 3155 δίποδα
568 3122 586 3158 a
602 3101 752 3174 crapulamur,
772 3103 820 3159 sed
835 3099 946 3154 ὑπόποδα
960 3100 1097 3159 abducerer
1111 3103 1312 3159 discernuntur.
1340 3103 1437 3159 Verte·

212 3214 273 3250 mus
291 3195 380 3266 igitur
397 3194 472 3249 hunc
490 3194 580 3249 locum
599 3211 668 3249 non:
689 3210 769 3262 ‚quae
781 3209 892 3248 crurum
906 3193 967 3263 pari
981 3193 1135 3248 moventur‘
1154 3192 1213 3248 red:
1233 3210 1314 3262 ,quae
1327 3211 1438 3248 crurum

212 3285 326 3356 paribus
344 3285 507 3340 moventur‘.
544 3284 661 3338 Dualem
680 3286 775 3339 antem
793 3283 827 3338 de
845 3284 909 3355 plus
927 3301 982 3340 uuo
996 3283 1060 3355 pari
1074 3284 1259 3338 membrorum
1271 3287 1437 3355 usurpatum

211 3393 274 3431 raro
292 3375 412 3444 quidem,
431 3374 478 3428 sed
496 3373 553 3428 iam
571 3373 647 3445 apud
665 3374 815 3429 Homerum
833 3373 998 3437 invenimus,
1017 3376 1050 3428 ut
1068 3374 1100 3428 ll.
1119 3374 1144 3439 9,
1163 3372 1217 3428 503

458 3463 502 3514 οιαὶ
524 3462 573 3532 γάρ
595 3480 621 3513 τε
643 3459 710 3514 λιταί
728 3459 773 3514 εἰσι
792 3460 850 3524 Διὸς
868 3468 957 3534 κοῦραι
974 3458 1103 3532 μεγάλοιο,

460 3548 545 3622 χωλαί
562 3569 588 3602 τε
607 3548 679 3622 ῥυσαί
696 3569 723 3602 τε
741 3549 908 3622 παραβλῶπές
926 3550 948 3603 τ’
967 3549 1104 3622 ὀφθαλμώ.

319 3644 361 3708 10,
382 3643 433 3697 187
456 3637 492 3702 ὣς
509 3647 559 3692 τῶν
577 3638 687 3711 νήδυμος
706 3638 779 3702 ὕπνος
797 3638 847 3692 ἀπὸ
865 3638 1007 3713 βλεφάροιιν
1025 3638 1116 3693 ὀλώλει

461 3727 537 3781 uiaret
554 3727 760 3800 φυλασσομένοισι
777 3728 870 3802 κακήν,

210 3824 258 3879 ubi
278 3841 335 3877 non
353 3820 387 3875 de
405 3819 496 3885 unius,
514 3818 562 3874 sed
580 3819 614 3874 de
632 3820 784 3875 multorum
803 3819 922 3889 geminis
940 3821 1026 3875 oculis
1045 3821 1131 3876 verba
1149 3820 1218 3876 facit
1236 3824 1328 3892 poeta,

300 3911 349 3967 Od.
365 3910 408 3975 11,
422 3909 476 3963 210
497 3904 563 3978 lippo
580 3907 624 3960 καὶ
642 3905 677 3959 εἰν
693 3906 786 3961 Ἀίδαο
804 3906 879 3981 φίλας
897 3908 951 3980 περὶ
970 3914 1039 3981 χεῖρε
1057 3906 1162 3978 βαλόντε

494 3996 626 4069 ἀμφοτέρω
644 4003 757 4070 κρυεροῖο
775 3997 975 4070 τεταρπώμεσθα
992 3998 1070 4069 rouro,

213 4107 267 4157 quo
285 4090 344 4144 loeo
363 4089 459 4145 Ulixes
478 4089 511 4144 de
530 4087 618 4159 ipsius
637 4091 666 4142 et
683 4088 781 4143 matris
799 4107 933 4144 manuum
951 4089 1066 4161 paribus
1085 4088 1217 4158 loquitur,

318 4179 361 4243 21,
379 4179 433 4233 223
455 4175 545 4229 κλαῖον
569 4176 638 4245 (soil.
657 4177 795 4233 Eumaeus
813 4182 842 4234 et
860 4179 1024 4246 Philoetius)
1047 4176 1088 4248 ἄρ’
1107 4175 1172 4249 ἀμφ’
1195 4175 1299 4250 Ὀδυσῆι
1322 4176 1435 4249 δαΐφρονι

1008 4272 1077 4338 χεῖρε
1096 4265 1207 4335 βαλόντα

299 4355 398 4423 Neque
416 4355 516 4411 desunt
533 4356 587 4411 loci
606 4357 680 4425 apud
699 4355 767 4411 alios
786 4356 942 4426 scriptores,
966 4361 998 4412 ut
1021 4357 1167 4428 Euripides
1191 4358 1221 4412 in
1239 4358 1332 4429 lphig.
1351 4358 1433 4413 Taum

212 4445 281 4500 1318
300 4444 334 4500 de
353 4444 449 4498 Oreste
466 4445 495 4498 et
513 4444 618 4513 Pylade
637 4445 720 4499 dixit:

334 4529 410 4583 κεῖνοί
427 4549 454 4583 τε
471 4532 522 4602 γὰρ
541 4530 641 4604 σίδηρον
659 4530 704 4584 οὐκ
722 4526 791 4604 εἶχον
809 4538 895 4605 χεροῖν
910 4533 914 4601 Ι
930 4533 1006 4606 ἡμεῖς
1024 4553 1059 4597 τε,

210 4628 238 4681 et
254 4625 335 4679 Plato
348 4622 463 4677 Theaet.
483 4622 562 4676 155ss
581 4619 627 4675 sici
645 4620 671 4674 δὲ
689 4615 755 4675 οὗτοι
773 4620 797 4675 οἱ
815 4620 884 4675 οάδδν
902 4620 967 4676 ἄλλο
986 4621 1093 4694 οἰόμενοι
1111 4616 1173 4675 εἶναι
1191 4622 1212 4696 ἢ
1227 4617 1256 4676 οὗ
1270 4624 1301 4677 ἀν
1316 4623 1433 4678 δύνωνται

209 4713 282 4786 ἀπρὶξ
305 4717 357 4765 τοῖν
376 4715 461 4781 χεροῖν
478 4707 605 4778 laetata
630 4717 659 4768 et
677 4714 862 4784 Pseudoplato
885 4715 974 4769 Erasi.
997 4714 1074 4769 132ss
1098 4710 1206 4775 ιιύιιλοος
1228 4716 1278 4787 qap
1296 4715 1432 4786 γράφοντες

209 4803 361 4875 ἓφαινὲσθην
379 4800 422 4852 mi
441 4797 562 4870 ὲμιιλίσῑις
580 4802 647 4863 τινὰς
666 4800 796 4872 ἐμιμοῦντο
814 4807 866 4854 τοῖν
884 4807 969 4873 χεροῖν
987 4800 1133 4873 &salivares

1255 4893 1274 4947 4
