3552 5370
922 465 967 530 50

838 555 1051 564 ----—-

332 660 514 745 comparari
539 659 594 725 vix
616 661 734 745 possit,
762 660 852 745 apud
879 681 974 744 quem
1002 661 1035 725 in
1059 681 1122 726 uno
1146 660 1268 743 Gorgia
1292 659 1423 745 dialogo
1447 663 1556 746 plures

332 789 429 852 quam
451 766 669 852 quadraginta
692 766 814 833 formae
837 768 953 835 duales
975 768 1194 853 inveniuntur,
1223 766 1358 834 dimidia
1385 767 1453 835 fere
1480 789 1556 854 pars

332 875 402 942 eius
425 875 559 960 numeri,
584 875 639 958 qui
663 894 703 940 ex
727 876 873 942 omnibus
897 875 1081 942 Aristotelis
1104 875 1196 942 libris
1220 874 1367 943 efficitur.

421 1000 716 1086 Theophrastus
747 1001 857 1068 multis
890 1002 922 1066 in
955 1002 1051 1067 rebus
1084 1021 1155 1066 eum
1183 1000 1357 1067 Aristotele
1387 1002 1556 1069 consentit

332 1109 416 1174 Nam
447 1108 500 1174 hio
528 1128 655 1191 quoque
682 1108 852 1175 verborum
882 1108 972 1174 duali
1001 1115 1034 1175 et
1059 1108 1222 1174 nominum
1249 1128 1425 1176 nom-aee.
1460 1117 1557 1194 earet,

333 1219 410 1282 boatu
440 1223 473 1282 et
500 1214 610 1303 ἀμφοῖν
641 1235 741 1300 saepe
774 1236 846 1282 oum
873 1215 991 1301 plurali
1020 1214 1195 1299 coniunxit,
1228 1214 1357 1281 dualem
1386 1236 1457 1281 oum
1480 1217 1557 1283 δοοῖν

332 1322 383 1388 vel
408 1322 518 1410 ἀμφοῖν
543 1322 745 1389 coniunctum
768 1323 954 1389 nonhabet
977 1324 1039 1390 nisi
1053 1333 1161 1411 χεροῖν,
1185 1322 1377 1406 omninoque
1391 1344 1556 1389 numerum

332 1431 505 1496 formarum
534 1430 679 1496 dualium
707 1432 918 1515 perexiguum
941 1431 1086 1517 praebet
1132 1429 1329 1514 Progressus
1352 1436 1460 1497 autem
1485 1451 1557 1497 oon·

334 1538 482 1623 spioitur,
512 1537 599 1622 quod
626 1546 762 1623 excepto
790 1538 961 1625 participio
990 1536 1083 1605 ὄντοιν
1106 1538 1156 1604 bis
1180 1537 1274 1604 ohvio
1298 1536 1420 1604 formas
1443 1538 1558 1605 duales

333 1645 397 1712 nisi
420 1645 691 1712 substantivorum
716 1652 748 1711 et
770 1646 991 1731 pronominum
1015 1645 1122 1712 nullas
1146 1644 1305 1712 adhibuit.

422 1772 632 1858 Epicurus,
652 1772 908 1857 Metrodorus,
930 1773 1046 1859 Zeno,
1062 1769 1470 1857 Cleanthesphilosophi
1484 1791 1557 1835 num

334 1878 423 1945 duali
448 1900 579 1945 numero
602 1881 653 1946 usi
677 1880 752 1965 sint,
776 1880 946 1947 nescimus.
986 1881 1069 1948 Nam
1094 1881 1155 1945 etsi
1179 1880 1212 1945 in
1235 1878 1426 1963 fragmentis
1447 1898 1556 1943 eorum

334 1985 442 2053 dualis
462 1986 564 2052 forma
588 1988 677 2052 nulla
701 1995 819 2074 exstat,
843 1994 951 2054 tamen
976 2009 1048 2054 oum
1064 1988 1096 2053 in
1111 1986 1294 2053 Aristotelis
1317 2006 1445 2071 quoque
1468 1985 1558 2053 libris

335 2093 536 2178 quibusdam,
559 2095 614 2179 qui
637 2095 766 2161 modum
791 2116 900 2162 eorum
923 2095 991 2161 fere
1015 2101 1206 2180 exaequant,
1230 2102 1265 2160 ut
1285 2094 1319 2158 in
1333 2101 1403 2160 arte
1420 2094 1558 2178 poetica,

335 2200 450 2267 duales
473 2201 596 2267 formae
619 2201 735 2286 desint,
758 2202 828 2269 fieri
851 2203 997 2288 potuisse
1021 2223 1084 2268 uon
1107 2202 1309 2287 negabimus,
1333 2209 1368 2266 ut
1390 2202 1423 2266 in
1446 2201 1557 2266 horum

335 2328 462 2391 quoque
485 2309 575 2375 libris
599 2308 777 2394 deperditis
800 2330 895 2376 rarae
918 2309 1033 2376 duales
1056 2310 1181 2376 formae
1204 2317 1323 2377 essent.

427 2431 610 2510 Quantillus
647 2443 754 2501 autern
790 2436 847 2501 illo
884 2443 1030 2521 tempore
1066 2434 1162 2500 fuerit
1202 2434 1309 2500 dualis
1353 2454 1441 2520 usus,
1484 2435 1560 2500 inde

336 2550 484 2627 apparet,
509 2542 594 2626 quod
618 2542 882 2609 mathematici
906 2563 944 2610 eo
969 2543 1097 2608 omnino
1121 2548 1243 2609 carent.

424 2668 530 2750 Atque
554 2669 651 2734 etiam
675 2667 828 2753 Polybii
853 2690 944 2735 usum
977 2669 1006 2735 si
1034 2689 1107 2734 oum
1135 2666 1361 2752 Theophrasto
1394 2688 1559 2753 eompara-

336 2775 491 2858 verimus,
528 2776 628 2840 multo
665 2758 819 2842 minorem
856 2776 958 2842 luisse
987 2795 1230 2859 cognoscemus.
1285 2774 1441 2859 Polybius
1476 2774 1561 2839 enim

337 2888 473 2966 exceptu
500 2893 599 2969 χεροῖν
632 2882 904 2949 substantivorum
938 2889 1063 2948 tantum
1095 2881 1225 2947 dualem
1253 2902 1324 2947 oum
1354 2881 1463 2969 ἀμφοῖν
1487 2901 1560 2946 oon-

338 2989 514 3053 iunctorum
551 2990 729 3074 usurpavit.
784 2990 943 3057 Numerus
980 2996 1090 3055 autem
1123 3010 1232 3055 eorum
1265 2987 1413 3054 minimus
1447 2996 1496 3054 est
1529 2996 1561 3055 et

338 3116 449 3161 omnes
476 3095 543 3162 fere
570 3098 664 3181 paria
691 3098 902 3163 membrorum
930 3095 1074 3162 indicant
1101 3097 1168 3181 vel,
1197 3103 1232 3162 ut
1260 3106 1376 3183 papatu,
1405 3095 1492 3180 quod
1520 3095 1562 3160 de

339 3210 473 3287 utroque
496 3203 599 3270 latere
623 3204 748 3289 dieitur,
772 3204 1001 3289 geminationis
1024 3205 1090 3269 vim
1114 3203 1243 3269 habent.

428 3329 530 3394 Paulo
554 3337 663 3397 autem
687 3336 760 3415 post
783 3329 890 3397 dualis
920 3336 952 3396 et
975 3351 1016 3396 ex
1038 3329 1195 3395 historiae
1219 3336 1251 3393 et
1275 3349 1315 3394 ex
1339 3329 1455 3395 oeteris
1478 3329 1561 3394 litte-

339 3457 446 3501 rarum
462 3438 635 3521 generibus
649 3458 781 3523 prorsus
801 3437 942 3506 evanuit.
962 3438 1071 3504 lNam
1095 3436 1184 3522 apud
1200 3436 1442 3503 Posidonium
1466 3456 1562 3501 unam

339 3543 474 3609 sormam
507 3545 539 3609 in
572 3568 640 3624 -οιν,
665 3546 787 3611 nullam
811 3545 899 3631 apud
922 3543 1189 3611 Philodamum
1213 3542 1448 3628 Gadarensem,
1472 3544 1561 3608 Les·

338 3651 553 3733 bouaotem,
576 3653 786 3718 Diodorum
802 3653 954 3737 Siculum,
976 3652 1237 3731 Strabonem)
1253 3649 1440 3735 reperimus.
1469 3649 1563 3718 Unde

340 3758 400 3824 erit
424 3759 679 3826 concludendum
703 3761 790 3826 eirea
813 3782 932 3827 anuum
955 3760 1164 3826 centesimum
1183 3756 1435 3824 antechristum
1451 3765 1562 3823 uatum

340 3864 469 3933 dualem
492 3887 624 3952 prorsus
647 3867 819 3936 interiisse.
865 3868 949 3934 Nam
977 3888 1049 3932 eum
1077 3887 1118 3932 ne
1142 3868 1220 3931 δυοῖν
1244 3864 1374 3948 quidem
1398 3871 1431 3931 et
1454 3865 1564 3954 ἀμφοῖν

340 3993 413 4038 eum
437 3973 525 4039 duali
550 3974 826 4060 coniungerentur,
850 3975 910 4041 has
930 3994 1057 4058 quoque
1072 3974 1193 4039 formas
1208 3971 1338 4037 dualem
1353 3971 1417 4035 vim
1433 3972 1563 4039 exuisse

340 4088 486 4167 apparet.

431 4207 533 4272 Paulo
566 4214 675 4274 autem
702 4215 777 4293 post
804 4208 839 4273 id
868 4214 917 4273 est
944 4214 1054 4273 aetate
1082 4206 1221 4290 Augusti
1249 4204 1455 4287 imperatoris
1482 4203 1564 4271 revi-

340 4314 496 4381 viscentis
524 4314 631 4380 dualis
659 4315 763 4401 prima
791 4315 931 4399 vestigia
957 4314 1172 4400 reperiuntur.
1223 4311 1438 4397 Dionysius
1467 4313 1564 4378 enim

340 4421 709 4489 Halicarnasseusis
750 4422 787 4488 in
830 4421 1112 4505 arehaeologia
1156 4421 1324 4485 Romana
1368 4423 1414 4484 τὼ
1459 4430 1565 4507 χεῖρε

341 4528 567 4595 accusativo
592 4531 721 4597 sexies
744 4550 834 4595 usus
859 4536 926 4597 est.
972 4529 1021 4596 Ne
1044 4548 1121 4596 vero
1144 4526 1310 4614 putareris
1329 4525 1413 4592 hano
1429 4525 1563 4592 formam

434 4763 619 4835 bdpffi
