3552 5370
898 423 920 487 4

804 512 1016 521 ——-—

387 610 480 692 Quae
503 635 575 681 cum
597 615 645 681 ita
667 616 741 701 sint,
765 635 870 682 nonne
893 614 974 682 illud
996 617 1090 684 nobis
1114 617 1175 685 erit
1197 616 1424 704 quaerendum,
1447 638 1524 684 num

295 727 371 807 post
384 719 563 788 Alexandri
576 722 687 807 blagni
701 729 848 808 tempora
868 722 1041 810 scriptores
1061 724 1251 809 exstiterint,
1274 724 1330 809 qui
1343 724 1523 792 orationem

295 826 340 894 ad
365 828 465 895 Attici
494 830 651 897 sermonis
678 829 770 913 leges
796 830 932 916 propius
962 836 1154 898 revocantes
1186 829 1276 896 duali
1307 851 1441 899 numero
1470 833 1523 900 111

295 934 373 1021 1111,
400 956 476 1002 uum
503 935 708 1020 Aristoteles,
735 935 789 1020 qui
817 936 965 1021 aequalis
988 936 1057 1005 fere
1080 944 1150 1003 erat
1172 936 1417 1024 Demosthenis,
1446 936 1523 1006 num

294 1040 554 1129 Theophrastus,
583 1041 637 1127 qui
665 1041 841 1110 Aristotele
867 1043 1024 1128 magistro
1053 1064 1132 1112 usus
1159 1051 1224 1128 est,
1253 1064 1329 1110 num
1351 1045 1524 1132 Epicurus,

292 1148 352 1214 alii
375 1148 465 1216 duali
488 1150 620 1217 omniuo
634 1149 870 1217 abstinuerint?
906 1151 1013 1235 Atque
1036 1171 1109 1218 cum
1131 1151 1342 1237 perlongum
1365 1154 1523 1239 temporis

293 1256 435 1342 spatium
458 1257 579 1324 sensim
602 1256 825 1342 paulatimque
848 1256 964 1325 duales
985 1257 1109 1326 formae
1131 1258 1319 1326 imminutae
1337 1260 1411 1347 sint,
1435 1279 1520 1345 quae

292 1360 413 1429 fuerint
435 1363 634 1431 novissimae
657 1363 851 1449 quandoque
874 1365 1065 1451 exstiterint,
1088 1364 1368 1449 interrogabimus.

380 1469 493 1536 Altera
516 1470 666 1554 quaestio
689 1470 766 1537 inde
788 1478 944 1558 movetur,
968 1471 1056 1557 quod
1078 1472 1111 1538 in
1134 1472 1238 1539 titulis
1261 1473 1379 1541 Atticis
1401 1474 1519 1540 Roma·

290 1594 402 1642 norum
433 1576 666 1663 imperatorum
698 1585 808 1646 aetate
843 1578 956 1647 incisis
993 1578 1109 1647 duales
1145 1578 1270 1647 formae
1305 1581 1518 1667 reperiuntur.

289 1681 405 1768 Itaque
428 1703 491 1769 quo
514 1690 660 1771 tempore
682 1684 735 1752 bic
757 1705 908 1752 numerus
931 1684 966 1751 in
987 1687 1088 1753 vitam
1101 1693 1274 1753 revocatus
1288 1686 1339 1774 sit,
1361 1707 1518 1771 quaeren-

289 1787 366 1856 dum
394 1796 453 1859 est.
503 1791 610 1876 Atque
638 1791 853 1859 Guilelmus
881 1791 1037 1859 Schmid
1064 1792 1099 1858 in
1125 1793 1221 1878 libro,
1249 1793 1305 1878 qui
1331 1794 1520 1861 inscribitur

288 1895 358 1982 ,der
384 1896 584 1965 Atticismus‘
616 1898 744 1982 (toml
774 1918 852 1985 pag.
876 1901 932 1981 81)
965 1899 1048 1966 haec
1075 1898 1143 1967 fere
1166 1899 1261 1967 dieite
1294 1900 1374 1986 ,Der
1399 1901 1520 1968 Dualis

286 2002 410 2070 hcmmt
452 2004 534 2087 (soil
565 2003 654 2090 apud
689 2004 829 2072 Dionem
865 2004 1143 2091 Chrysostomum)
1179 2006 1213 2073 in
1248 2006 1414 2075 Nominal·
1451 2007 1518 2073 und

286 2114 531 2182 Verbalformen
558 2114 704 2181 ziemlioh
731 2114 843 2199 htufig
869 2134 944 2184 vor.
958 2167 966 2183 .
979 2167 1011 2184 ..
1041 2134 1076 2182 er
1097 2114 1142 2181 ist
1163 2134 1228 2180 von
1255 2113 1319 2182 den
1342 2115 1516 2182 Atticisten

284 2219 450 2289 kdnstlich
476 2219 727 2291 wiederbclebt.‘
775 2222 818 2287 lit
843 2222 942 2308 paulo
970 2221 1054 2287 infra
1081 2222 1203 2308 pergit:
1233 2221 1307 2307 ,Die
1335 2228 1432 2308 κοινή,
1462 2219 1519 2287 die

286 2328 432 2414 Spracbe
464 2326 523 2395 der
553 2328 645 2394 LXX
677 2328 841 2414 (Mullacb,
874 2328 1015 2395 Gramm.
1045 2327 1077 2396 d.
1106 2326 1227 2413 griech.
1251 2326 1517 2413 Vulgttrspracbe

285 2435 319 2502 S.
335 2435 426 2503 149f.
444 2436 521 2517 151)
544 2434 611 2501 und
634 2434 694 2503 des
711 2426 751 2503 N}
767 2436 804 2504 T.
829 2435 960 2521 (Winer,
984 2435 1125 2502 Gramm.
1142 2434 1201 2503 des
1216 2441 1358 2506 neutest.
1374 2434 1515 2521 Sprach·

284 2540 401 2609 idioma
430 2545 460 2609 6.
484 2541 568 2608 And.
592 2562 624 2628 p.
651 2544 728 2625 160)
759 2542 862 2609 kennt
888 2541 944 2608 ibn
970 2540 1060 2608 nicht
1086 2542 1186 2610 mehr.
1234 2541 1353 2609 Strabo
1376 2541 1516 2609 braucht

283 2646 340 2715 ihn
366 2648 547 2735 jedenfalls
579 2647 669 2715 nicht
700 2648 748 2715 ott
780 2648 836 2733 (im
867 2649 1031 2718 111111
1061 2649 1147 2715 habe
1175 2648 1227 2714 iob
1254 2648 1311 2714 ilrn
1338 2648 1428 2715 nicht
1456 2669 1513 2734 ge·

283 2755 428 2837 lunden).
459 2757 518 2824 Als
542 2762 644 2823 etwas
668 2755 896 2839 cigenttmlioh
909 2754 1075 2824 Attisohss
1097 2754 1211 2823 wurde
1230 2754 1338 2823 dieser
1351 2756 1514 2824 Numerus

283 2862 363 2929 aber
386 2863 420 2929 in
443 2862 507 2930 den
531 2861 757 2949 spracblichcu
771 2864 919 2949 Apparat
937 2862 996 2930 der
1008 2862 1181 2930 Atticisten
1196 2861 1461 2947 ausgenommen.
1475 2914 1507 2930 ..

282 2967 349 3035 und
373 2967 454 3035 wird
476 2988 536 3036 uns
560 2969 613 3035 bei
635 2969 724 3036 allen
746 2968 861 3037 diesen
883 2970 1027 3035 Autoren
1049 2969 1237 3054 begegosn!
1279 2968 1383 3048 Quem
1405 2969 1513 3034 locum

281 3074 360 3141 milri
383 3074 599 3142 Guilelmus
622 3074 669 3144 de
693 3074 823 3144 Christ
850 3076 957 3143 minus
984 3084 1137 3143 accurato
1163 3077 1350 3164 respexisse
1373 3074 1514 3162 videtur,

281 3202 353 3249 cum
372 3181 594 3268 ,Griechische
615 3182 980 3267 Litteraturgesebiohte
1003 3204 1034 3269 p.
1052 3182 1151 3251 597²‘
1175 3182 1217 3249 de
1240 3182 1346 3248 Dione
1370 3181 1511 3267 Chryso-

281 3295 385 3358 stomo
413 3287 507 3355 dicit:
541 3289 603 3370 ,als
631 3289 720 3356 einer
748 3288 806 3365 der
833 3297 941 3356 ersten
967 3290 1131 3357 Vertreter
1158 3289 1217 3356 der
1244 3288 1511 3357 atticisierenden

279 3396 444 3481 Richtung
467 3395 527 3462 hat
550 3415 585 3462 er
608 3394 662 3463 die
675 3396 821 3482 Spraobe
834 3416 898 3463 von
912 3396 987 3464 dem
1001 3395 1158 3463 Kehricht
1172 3396 1230 3464 der
1243 3395 1513 3482 Vulgtrspraobe

280 3503 455 3588 gereinigt,
483 3502 562 3569 aber
589 3500 672 3568 auch
700 3510 862 3588 entgegen
891 3502 965 3569 dem
991 3503 1194 3570 natttrliohen
1221 3504 1318 3588 (lang
1346 3502 1404 3570 der
1433 3504 1510 3569 lint

279 3610 447 3694 wioklung
468 3608 591 3676 wieder
613 3610 680 3675 alte
702 3609 814 3694 ltngst
836 3611 1073 3695 abgestorbene
1091 3609 1241 3692 Formen,
1265 3610 1329 3677 wie
1344 3609 1409 3676 den
1422 3610 1509 3675 Dual

279 3715 670 3802 11111111111111111111111.ι
715 3718 820 3802 Atque
843 3719 912 3803 erit,
940 3737 996 3785 cur
1022 3718 1163 3803 mireris,
1192 3716 1280 3802 quod
1302 3717 1451 3795 Dionem,
1481 3717 1509 3782 si

277 3843 384 3890 rerum
406 3830 542 3890 naturae
564 3822 758 3891 adversatus
782 3822 913 3891 dualem
926 3823 1083 3909 adhibuit,
1105 3832 1154 3891 tot
1167 3825 1316 3909 tantique
1331 3822 1509 3908 scriptores

276 3929 396 3997 imitati
418 3937 502 3998 sunt.
548 3930 634 3998 Nam
661 3949 746 4014 quae
774 3931 816 3996 ab
844 3929 957 3997 ordine
984 3937 1120 3998 naturae
1147 3930 1318 4007 recedunt,
1346 3947 1411 3995 non
1439 3927 1508 3996 fere

277 4038 451 4123 scriptores
483 4037 600 4104 summi
631 4036 755 4121 ingenii
787 4056 994 4122 summaeque
1026 4037 1211 4123 elegantiae
1240 4035 1361 4102 imitari
1390 4034 1506 4105 solent.

278 4143 359 4211 (lum
380 4143 481 4229 igitur
504 4150 631 4211 constet
653 4164 675 4210 a
696 4143 803 4211 Dione
818 4143 1048 4230 Chrysostomo
1072 4143 1202 4210 dualem
1226 4162 1302 4211 esse
1325 4141 1508 4210 adhibitum

275 4270 381 4337 neque
413 4250 469 4336 qui
500 4249 584 4318 hunc
612 4250 715 4318 secuti
743 4258 818 4318 sunt
850 4251 1025 4337 scriptores
1053 4270 1091 4318 eo
1122 4250 1284 4335 caruisse,
1311 4250 1381 4316 iure
1408 4249 1506 4318 inter·

274 4358 475 4444 rogabimus,
510 4377 586 4423 uum
621 4377 735 4424 revera
770 4356 826 4424 ille
864 4356 993 4424 dualem
1023 4376 1190 4424 numerum
1222 4357 1426 4424 revocaverit
1458 4377 1501 4423 an

275 4471 352 4533 ante
384 4485 457 4531 eum
489 4463 731 4550 redintegratus
769 4464 812 4532 sit
844 4484 992 4550 quaeque
1028 4484 1145 4551 causa,
1181 4465 1243 4531 hoc
1281 4471 1316 4530 ut
1351 4463 1504 4543 facerent,

274 4572 450 4660 scriptores
479 4571 653 4658 impulerit.
705 4570 798 4650 Quae
825 4578 862 4638 ut
888 4591 1138 4658 cognoscamus,
1172 4572 1245 4657 quis
1273 4569 1370 4638 fuerit
1396 4568 1509 4637 dualis

273 4679 400 4746 numeri
423 4679 466 4745 ab
489 4679 674 4747 Aristotelis
697 4699 801 4764 usque
823 4677 867 4745 ad
881 4678 998 4747 Dionis
1011 4677 1234 4766 Ghrysostomi
1256 4685 1403 4763 tempora
1425 4695 1508 4744 usus
