3552 5370
892 427 912 493 3

277 622 332 690 ad
356 621 636 689 Lacedaemonios
659 620 899 707 transferretur,
927 621 1034 689 dualis
1061 622 1186 689 numeri
1208 642 1288 690 usus
1310 621 1518 690 imminueba-

288 738 349 815 tur,
382 729 515 797 evanuit
541 727 721 795 Alexandri
752 728 864 814 Magni
897 736 1016 798 aetate.
1068 726 1213 807 Quocum
1240 730 1399 815 convenit,
1431 728 1518 814 quod

289 843 428 904 exeunte
460 836 592 904 saeculo
627 842 743 921 quarto
776 839 866 915 δυεῖν,
901 836 935 902 iu
968 856 1034 921 qua
1064 835 1247 903 terminatio
1279 834 1387 903 dualis
1412 856 1519 923 paene

288 942 461 1031 intercidit,
483 943 519 1009 in
541 943 648 1010 locum
670 945 746 1010 δυοῖν
770 941 894 1010 formae
916 942 1085 1011 successit.

378 1050 561 1137 Scriptores
583 1070 647 1117 uou
672 1056 740 1116 tam
763 1056 837 1117 arta
859 1049 937 1134 lege
958 1048 1066 1117 dualis
1084 1042 1179 1117 usum
1192 1049 1519 1136 circumscripseruut,

288 1177 386 1241 quam
408 1157 574 1224 titulorum
596 1156 777 1223 Atticorum
800 1162 959 1225 auctores.
1005 1155 1076 1222 Iam
1102 1155 1192 1243 apud
1214 1157 1388 1223 Homerum
1411 1155 1519 1224 dualia

288 1263 432 1351 ponendi
460 1285 524 1331 nou
553 1270 621 1330 tam
647 1263 829 1332 necessitas
857 1282 955 1348 quam
977 1261 1119 1331 facultas
1142 1263 1303 1332 exstabat.
1350 1262 1448 1331 cuns
1471 1261 1520 1330 rei

288 1370 457 1439 innumera
489 1371 592 1439 hahes
620 1370 653 1437 in
680 1368 787 1436 Iliade
815 1375 848 1436 et
876 1368 1029 1455 Odyssea
1056 1370 1215 1457 exempla.
1264 1367 1339 1448 Qua
1369 1369 1520 1437 libertate

288 1476 418 1546 videtur
445 1478 516 1545 fieri
544 1477 707 1566 potuisse,
735 1485 772 1543 ut
799 1476 915 1544 duales
942 1475 1067 1544 formae
1090 1477 1219 1543 omuino
1241 1476 1420 1562 interirent,
1448 1496 1521 1543 cum

289 1592 324 1651 ut
350 1583 534 1672 superfluae
558 1584 592 1650 in
615 1583 810 1651 oblivionem
833 1582 996 1653 caderent
1033 1581 1129 1661 Quod
1152 1583 1185 1650 in
1208 1584 1356 1651 omnihus
1372 1583 1520 1650 Graecae

288 1690 422 1776 linguae
456 1690 608 1760 dialectis
645 1689 768 1758 accidit
804 1697 935 1778 praeter
968 1691 1121 1758 Atticam.
1175 1691 1260 1758 Nam
1290 1711 1396 1776 neque
1431 1688 1522 1778 apud

289 1798 409 1865 Aeoles
442 1819 548 1883 neque
579 1797 669 1885 apud
701 1798 798 1866 Iones
831 1797 946 1865 duales
979 1796 1100 1864 formas
1136 1797 1328 1884 reperimus,
1363 1817 1522 1884 perquam
1662 1821 1665 1824 ·

290 1925 383 1972 raras
416 1904 506 1992 apud
531 1905 649 1974 Dores.
701 1903 798 1992 Apud
829 1905 956 1972 Atticos
990 1910 1100 1971 autem
1127 1904 1302 1992 scriptores
1334 1902 1417 1972 duas
1444 1904 1521 1972 illas

289 2018 430 2098 aetates,
457 2012 596 2078 alteram
623 2031 727 2096 usque
755 2010 799 2076 ad
821 2011 941 2078 bellum
963 2011 1290 2097 Peloponnesiacum,
1317 2011 1454 2078 alteram
1475 2008 1522 2077 ad

288 2117 468 2186 Alexandri
490 2117 602 2203 Magni
625 2116 893 2204 dominationem,
923 2118 1107 2186 discernere
1129 2139 1313 2206 possumus.
1356 2119 1442 2187 Nam
1465 2118 1522 2204 qui

290 2234 368 2293 ante
395 2246 515 2292 annum
543 2224 896 2311 quadringentesimum
919 2225 987 2293 fere
1011 2226 1209 2313 scripserunt
1231 2232 1368 2312 excepto
1391 2225 1520 2312 Thucy·

288 2331 381 2418 dide,
407 2331 606 2418 Aeschylus,
636 2332 832 2419 Sophocles,
859 2331 1046 2419 Euripides,
1073 2331 1321 2419 Aristophanes,
1348 2330 1521 2420 Antiphon,

289 2438 477 2508 Andocides
515 2438 622 2507 dualis
658 2440 760 2507 multo
798 2438 955 2507 maiorem
990 2446 1085 2508 usum
1119 2440 1292 2526 praebent,
1331 2460 1429 2524 quam
1465 2439 1522 2525 qui

289 2553 416 2634 postea,
437 2546 567 2633 Lysias,
585 2547 758 2632 Isocrates,
777 2546 970 2634 Xenophon.
1002 2546 1174 2632 Lyeurgus
1192 2554 1309 2632 autem,
1328 2546 1521 2634 Hyperides,

288 2653 540 2740 Demosthenes,
573 2651 758 2721 Dinarchus
791 2673 924 2740 perraro
953 2673 991 2719 eo
1019 2653 1071 2721 usi
1098 2660 1181 2720 suut.
1226 2653 1346 2720 Contra
1369 2654 1465 2721 Plato
1488 2662 1522 2722 et

288 2760 404 2828 Isaeus
426 2760 462 2826 in
485 2780 523 2827 eo
547 2759 733 2827 adhibendo
757 2760 856 2845 longe
878 2759 1011 2826 modum
1034 2760 1220 2845 aequalium
1243 2769 1462 2830 excesserunt

378 2865 480 2932 Multo
505 2873 614 2932 autem
636 2866 744 2950 magis
767 2866 801 2932 in
825 2867 937 2935 formis
964 2866 1193 2935 verbalibus
1223 2887 1301 2935 usus
1330 2867 1522 2954 scriptorum

289 2992 310 3038 a
346 2971 450 3039 titulis
486 2971 619 3040 recedit
680 2973 765 3040 Nam
801 2973 835 3038 in
872 2973 974 3040 titulis
1010 2981 1085 3060 post
1121 2994 1240 3041 anuum
1276 2974 1521 3042 dcccxvflm

289 3078 434 3146 exaratis
474 3078 582 3147 dualis
622 3080 714 3147 verbi
755 3100 820 3147 nou
855 3086 977 3167 exstat,
1013 3081 1134 3167 Lysias
1166 3089 1290 3168 autem,
1326 3081 1520 3170 Xenophon,

288 3187 394 3272 Plato,
426 3185 542 3256 Isaeus
569 3187 622 3255 his
650 3188 763 3254 formis
791 3188 893 3254 multo
921 3189 1055 3276 saepius
1083 3189 1135 3257 usi
1162 3195 1238 3256 sunt
1265 3192 1520 3277 quampriores,

287 3293 335 3358 ita
366 3300 402 3359 ut
436 3293 523 3363 circa
560 3316 680 3361 anuum
718 3294 1076 3381 quadringentesimum
1111 3296 1281 3363 verborum
1318 3295 1424 3364 dualia
1457 3318 1522 3365 non

289 3398 475 3486 evanuisse,
513 3401 573 3470 sed
610 3402 754 3469 crevisse
791 3401 950 3468 videatur.
1011 3404 1064 3468 boc
1101 3422 1228 3487 quoque
1259 3402 1411 3469 vocabuli
1441 3423 1521 3472 usus

288 3504 376 3592 apud
410 3508 585 3593 scriptores
617 3509 702 3576 alius
740 3515 791 3576 est
823 3514 923 3593 atque
955 3508 989 3574 in
1020 3505 1133 3576 titulis
1184 3509 1222 3575 In
1251 3509 1304 3578 his
1331 3509 1416 3577 euim
1445 3517 1522 3579 ante

288 3631 408 3678 anunm
436 3612 635 3679 OCCOIXum
660 3614 744 3681 haee
776 3635 841 3681 vox
870 3635 998 3702 semper
1031 3636 1104 3682 oum
1135 3615 1226 3683 duali
1258 3618 1429 3685 coniuncta
1462 3627 1521 3704 est,

289 3717 379 3807 apud
410 3719 623 3806 Aeschylum,
661 3720 870 3808 Sophoclem,
907 3721 1110 3809 Euripidem,
1146 3723 1397 3812 Aristophanem
1432 3724 1523 3792 haud

288 3848 363 3894 raro
386 3848 459 3894 cum
481 3827 611 3915 plurali.

376 3935 493 4002 Mirum
515 3940 625 4001 autem
649 3953 725 4002 esse
747 3955 811 4001 uou
834 3942 944 4023 potest
967 3938 1133 4005 titulorum
1155 3957 1247 4005 usum
1267 3959 1340 4006 cum
1358 3939 1521 4026 scriptori·

288 4039 349 4108 bus
377 4041 613 4127 aliquantulum
641 4040 839 4129 discrepare.
892 4042 1072 4110 Titulorum
1101 4044 1187 4111 euim
1214 4052 1364 4113 auctores
1392 4065 1465 4112 cum
1486 4045 1521 4112 iu

289 4145 413 4214 eisdem
440 4149 494 4217 vel
521 4149 681 4217 similibus
708 4150 806 4217 rebus
833 4149 1023 4237 plerumque
1045 4158 1261 4238 versarentur,
1288 4151 1521 4220 cousuetudine

289 4251 432 4336 quadam
468 4254 510 4323 de
547 4255 708 4323 similibus
745 4257 843 4324 rebus
880 4255 997 4324 eadem
1034 4258 1175 4324 iterandi
1219 4257 1265 4324 ad
1305 4259 1521 4326 constantiam

289 4358 455 4444 quandam
477 4361 608 4429 dicendi
632 4362 767 4431 adducti
789 4369 873 4431 suut.
911 4363 1095 4450 Scriptores
1119 4384 1196 4432 vero
1218 4386 1277 4453 pro
1301 4384 1360 4433 suo
1383 4364 1521 4451 quisque

289 4465 420 4552 ingenio
450 4487 574 4554 proque
602 4490 722 4555 genere
745 4470 925 4539 litterarum
953 4470 1040 4555 quod
1067 4470 1230 4557 colebant,
1257 4472 1316 4537 alii
1342 4471 1387 4538 ad
1418 4473 1520 4558 quoti·

291 4572 426 4640 dianum
468 4594 648 4643 sermonem
691 4578 825 4664 propius
871 4584 1093 4658 accesserunt,
1135 4578 1191 4644 alii
1233 4598 1331 4663 quam
1370 4586 1523 4666 poterant

289 4680 428 4749 maxime
451 4702 526 4750 sese
549 4691 762 4751 removerunt

1326 4792 1359 4848 1*
