3552 5370
919 396 963 460 24

482 587 583 653 daur.
608 590 672 654 δυσί
695 588 819 675 septies
841 587 982 670 decies¹)

609 696 662 761 δὸο
685 695 764 777 teri)

609 805 689 869 δυοῖν
711 802 854 885 σσωο1.”)

412 907 501 984 δυεῖν,
525 927 590 973 nou
609 910 691 974 δοοῖν
705 909 833 994 Polyhii
845 910 1011 995 propriam
1025 911 1160 976 formam
1175 931 1250 977 esse
1264 911 1410 979 Kaollrer
1428 912 1555 999 (Leipn.

323 1013 460 1081 Studien
484 1013 543 1099 III,
571 1016 638 1083 220
646 1018 710 1100 sq.)
738 1022 772 1082 et
798 1016 1068 1084 Btttner·Wohst
1099 1017 1134 1083 in
1164 1017 1370 1102 praefatione
1399 1018 1553 1086 editionis

321 1128 398 1191 tom.
418 1121 434 1186 I
456 1142 487 1207 p.
501 1121 671 1188 LXXVIII
694 1122 913 1192 ostenderunt.
951 1126 999 1190 Ac
1021 1142 1097 1190 num
1121 1125 1287 1210 Polybius,
1310 1145 1407 1210 quem
1430 1126 1554 1192 hiatum

321 1228 447 1295 vitasse
470 1236 612 1312 consmt,
637 1231 691 1295 δὺο
714 1229 849 1295 formam
872 1238 948 1296 ante
971 1230 1119 1296 vocalem
1141 1232 1356 1318 usurpaverit,
1384 1233 1553 1317 quaerenti

322 1335 428 1401 elucet
451 1336 773 1401 nom-accusativum
796 1339 849 1402 hoc
872 1357 973 1422 saepe
996 1357 1069 1403 cum
1091 1339 1199 1404 vocali
1219 1340 1385 1423 sequentis
1400 1339 1552 1405 vocabuli

320 1443 558 1527 concurrere,‘)
589 1443 776 1526 genetivum
803 1464 975 1528 nunquam,
1006 1481 1049 1493 -
1078 1453 1155 1511 ante
1186 1445 1335 1512 vocalem
1365 1447 1449 1513 enim
1477 1448 1553 1513 δυοῖν

324 1547 428 1613 forma
450 1548 600 1633 legitur⁵)
626 1587 669 1599 -
693 1550 837 1617 dativum
861 1576 878 1617 ο
900 1551 982 1617 eliso
1006 1551 1148 1633 semell)

410 1653 501 1745 ἄμφω
522 1657 732 1736 vccabulum,
762 1656 849 1742 quod
876 1678 941 1723 non
964 1667 1032 1723 tam
1055 1660 1167 1725 crebro
1191 1679 1290 1744 quam
1313 1660 1486 1748 ἆμφοτερος
1507 1662 1554 1726 in·

320 1761 457 1847 venitur,
482 1783 610 1848 semper
633 1763 825 1833 declinatur.
872 1771 1016 1854 συνάμφω
1044 1774 1153 1832 autem
1177 1786 1236 1852 pro
1261 1768 1412 1850 genetivo
1436 1768 1555 1852 legitur

320 1868 361 1953 II,
384 1871 436 1954 24,
464 1873 502 1936 ll
531 1866 677 1955 Ἰαπὺγων
700 1869 958 1938 saluamento
982 1879 1136 1961 συνάμφω.

481 2033 501 2111 ξ
529 2033 579 2098 12.
625 2030 681 2097 De
705 2032 910 2118 Panaetio,
934 2032 1163 2116 Posidonio,
1187 2033 1395 2102 Hecatone.

409 2154 447 2220 In
469 2154 672 2222 Posidonii
696 2156 888 2240 fragmentis
911 2178 977 2223 nna
1001 2158 1107 2224 duaIIs
1132 2160 1235 2239 forma
1258 2160 1358 2226 inest:
1391 2165 1423 2224 τὸ
1447 2164 1554 2247 σεμνὸν

314 2261 482 2348 ,ἀνάκτορον
505 2274 567 2328 τοῖν
590 2267 672 2329 θεοῖν
696 2267 740 2350 (p.
759 2266 820 2331 161
847 2262 897 2330 ed.
913 2264 1018 2343 Bake)
1042 2264 1076 2329 in
1098 2264 1157 2330 illa
1180 2263 1222 2330 de
1244 2265 1426 2331 Athenione
1447 2264 1550 2350 philo·

320 2367 423 2455 sopho
448 2369 691 2435 narratiuncula
714 2388 812 2454 quam
836 2371 980 2437 servavit
1002 2369 1190 2437 Athenaeus
1214 2371 1243 2436 V
1265 2392 1297 2456 p.
1317 2370 1427 2452 2131),
1451 2377 1550 2452 atque

318 2475 401 2542 haec
425 2485 476 2542 est
503 2474 641 2541 formula
663 2496 725 2542 usu
748 2483 881 2562 recepta
904 2482 1002 2561 atque
1027 2476 1163 2560 sancita,
1194 2496 1260 2560 qua
1291 2475 1390 2543 Ceres
1418 2484 1451 2542 et
1473 2475 1550 2540 Pro-

319 2583 450 2669 serpina
473 2582 698 2667 significantur
721 2582 762 2651 cf.
786 2605 819 2669 p.
844 2584 898 2650 35.
921 2584 977 2650 43.

408 2689 585 2757 Praeterea
604 2689 788 2774 genetivum
809 2693 887 2756 δυοῖν
906 2689 1089 2758 invenimus
1104 2709 1175 2755 oum
1190 2689 1309 2775 plurali
1329 2689 1457 2756 nomine
1476 2709 1550 2755 con·

318 2797 461 2863 iunctum
483 2818 515 2882 p.
540 2800 604 2864 207
639 2799 718 2863 δσοῖν
744 2820 776 2862 τε
804 2801 857 2885 τὴν
885 2794 976 2884 αὐτὴν
1005 2795 1164 2865 ἀσθένειαν
1191 2796 1323 2886 ἐχόντων
1352 2803 1385 2863 et
1408 2796 1553 2862 dativum

316 2905 384 2970 δυσί
405 2924 439 2989 p.
465 2906 528 2971 156
551 2905 633 2969 δυσὶν
657 2903 936 2992 ἐπαπερειδόμενος.

408 3011 446 3075 In
470 3010 621 3077 Panaetii
645 3017 678 3076 et
700 3010 907 3093 Hecatonisl)
932 3010 1124 3094 fragmentis
1148 3010 1229 3076 nihil
1252 3009 1372 3077 inveni.

582 3173 602 3252 ξ
630 3172 681 3238 13.
727 3170 784 3236 De
807 3169 1034 3236 Philodemo
1058 3169 1288 3236 Gadarensi.

408 3293 625 3360 Philodemi
662 3293 905 3360 Gadarensis
947 3294 1055 3361 dualis
1096 3295 1220 3361 numeri
1257 3314 1348 3379 usus,
1397 3303 1553 3379 quantum

316 3401 448 3485 quidem
480 3421 521 3467 ex
549 3401 620 3467 eius
649 3400 795 3485 reliquiis
819 3401 1116 3468 Herculanensibus
1146 3400 1301 3485 cognosci
1331 3409 1451 3486 potest,
1481 3422 1552 3487 per·

319 3509 456 3592 exiguus
484 3508 537 3574 vel
566 3508 673 3573 nullus
701 3507 829 3573 videtur
857 3507 969 3576 fnisse.
1017 3509 1099 3577 Nam
1122 3509 1155 3574 in
1180 3509 1228 3576 eis
1252 3527 1337 3593 quae
1360 3509 1393 3573 in
1416 3510 1552 3595 papyrIs

412 3685 432 3754 ¹)
455 3687 490 3751 Π,
515 3688 557 3751 16,
578 3687 602 3740 7.
639 3685 688 3751 Π1,
712 3686 755 3752 42,
775 3687 800 3741 3.
845 3686 888 3751 90,
909 3688 951 3742 13.
990 3687 1050 3753 110,
1069 3687 1094 3741 8.
1141 3687 1189 3752 IV,
1214 3686 1256 3754 19,
1276 3688 1301 3741 9.
1338 3686 1382 3751 32,
1400 3687 1427 3739 3.
1463 3686 1507 3746 48.
1526 3686 1552 3739 6.

318 3777 352 3840 ν,
373 3777 414 3838 ro,
435 3778 476 3830 13.
515 3776 561 3841 rx,
583 3779 650 3839 1,1.
688 3776 722 3840 x,
743 3776 785 3843 10,
805 3776 829 3829 r.
866 3776 913 3840 xl,
932 3775 976 3843 ao,
995 3776 1020 3829 n.
1057 3777 1101 3841 aa,
1121 3778 1146 3833 1.
1183 3776 1244 3842 xri,
1266 3777 1308 3841 ro,
1327 3777 1351 3830 a.
1380 3775 1423 3839 ne,
1439 3774 1463 3828 1.
1491 3774 1551 3839 xv,

319 3867 343 3931 1,
364 3866 406 3919 ιν.
443 3864 544 3931 xvur,
563 3865 607 3927 aa,
626 3866 651 3918 ν.
688 3864 827 3929 xxxin,
847 3866 873 3928 a,
892 3864 917 3919 a.

411 3951 432 4013 ’l
455 3954 552 4019 1124,
574 3956 615 4008 14.
653 3954 697 4019 38,
716 3954 742 4008 8.
778 3954 828 4018 ΙΠ,
847 3953 890 4018 52,
910 3954 939 4008 8.

410 4040 432 4109 ⁸)
456 4043 506 4106 III,
525 4045 568 4108 51,
590 4045 631 4098 12.

410 4130 432 4200 ⁴)
455 4132 503 4198 tv,
523 4134 548 4198 9,
569 4134 611 4187 10.
655 4133 697 4198 10,
719 4134 742 4186 1.
780 4132 824 4197 63,
844 4132 870 4187 6.
908 4131 950 4197 70,
970 4134 995 4185 2.
1045 4132 1091 4197 VI,
1111 4132 1154 4195 24,
1173 4132 1191 4185 3
1210 4130 1283 4199 (bis).
1320 4131 1363 4196 29,
1384 4132 1409 4185 V.
1445 4130 1552 4194 3912.

318 4223 406 4289 41,1.
444 4222 518 4289 VIII,
540 4223 581 4281 15.
600 4222 627 4279 2.
664 4223 705 4288 11,
725 4224 751 4276 4.
787 4222 820 4287 X,
840 4221 883 4287 38,
905 4221 947 4278 10.
984 4222 1116 4284 46,1.’1.
1157 4220 1218 4285 XII,
1239 4222 1281 4285 10,
1300 4221 1325 4274 3.
1363 4220 1406 4287 16,
1427 4221 1470 4275 13.
1508 4221 1551 4286 25,

320 4313 344 4367 7.
381 4312 455 4376 XVI,
476 4313 517 4377 19,
538 4314 562 4367 9.
608 4311 710 4377 XVIII,
732 4312 773 4378 19,
792 4312 817 4366 8.
854 4311 898 4377 35,
917 4312 943 4364 3.
990 4310 1063 4375 XXI,
1083 4310 1125 4375 44,
1145 4312 1170 4365 6.
1217 4309 1315 4375 XXIX,
1336 4312 1378 4363 19.
1400 4310 1424 4363 ἵ.
1466 4309 1551 4375 XXX,

319 4402 363 4467 13,
382 4402 407 4456 9.
445 4402 550 4466 14,11.

411 4489 612 4559 1)1Χ,22,2.
649 4489 693 4553 90,
712 4490 738 4543 9.
775 4489 851 4554 VIII,
870 4489 913 4553 22,
933 4489 958 4543 8.
995 4489 1028 4553 X,
1048 4489 1073 4552 3,
1092 4490 1118 4543 4.
1159 4487 1233 4547 XIV,
1253 4490 1301 4554 la,
1320 4490 1346 4543 5.
1384 4489 1443 4553 XV,
1462 4488 1506 4552 30,
1527 4488 1551 4540 ’1.

407 4575 668 4646 θ1111528313
687 4575 724 4628 δύ’
744 4575 798 4642 (δύο
818 4578 880 4644 OD)
899 4575 1015 4648 ἡμὸροιις.

410 4666 433 4737 ¹)
456 4672 490 4724 cl'.
509 4669 624 4734 PowIer‚
645 4667 774 4723 Panaetii
793 4671 822 4722 et
840 4667 991 4723 Hecatonis
1014 4667 1181 4737 fragmenta.
1224 4667 1339 4722 Bonnae
1366 4667 1442 4721 1385.
1480 4666 1552 4719 Dis's.
