3552 5370
794 439 838 504 43

352 635 451 718 o,12
527 630 743 721 beandam-bc]
769 643 833 700 τοῖν
858 633 959 717 decdo

331 742 431 825 39,6
531 746 617 828 μέχρι
640 752 742 827 μηνῶν
765 740 869 807 ἄλλων
892 742 945 806 διἰσ

309 849 383 932 195,
408 845 491 934 2131)
527 846 677 934 Σωτῆρσιν
700 842 846 915 ’noema
868 870 901 913 ce
923 846 1116 933 drocaobporv
1140 846 1191 912 ὅδε
1215 850 1329 935 βωμός.

307 957 382 1041 701,
406 956 428 1022 ὃ
1062 954 1094 1022 ἐν
1119 955 1270 1030 ζαθέοισιν

527 1059 587 1127 εἷσε
610 1064 695 1127 θεαῖν
719 1062 895 1146 [maetam

307 1170 427 1251 7³23
525 1169 689 1256 ἢοελετὰς
712 1168 855 1255 ἀνέφαινε
878 1172 961 1234 θεοῖν

305 1277 382 1360 828,
405 1272 458 1361 516
526 1280 681 1363 ponderent
703 1271 756 1363 ἀφ’
780 1273 880 1348 ἑστίας
901 1285 966 1341 ταῖν
987 1277 1073 1342 θεαῖν

306 1384 471 1468 238α,11
524 1393 623 1470 χρυσᾶ
646 1379 784 1466 οὶνάν[θσι

308 1491 405 1574 1363,
429 1491 451 1556 2
523 1487 710 1578 ὀγδοήκοντα
733 1492 812 1555 δοοὶν
834 1488 927 1555 ἔτεσιν

308 1597 450 1681 1443,3
522 1595 598 1663 ἑτῶν
622 1598 674 1661 coo

308 1705 449 1789 1326,8
524 1703 616 1792 ἄμφω
639 1702 862 1792 ἀποσθῳὲνων.

287 1828 371 1895 Hinc
407 1830 633 1912 cognoscimus
670 1827 800 1894 dualem
837 1847 1003 1894 numerum
1040 1826 1201 1913 imprimis
1233 1827 1363 1912 quidem
1396 1828 1432 1893 in

198 1934 346 2002 formulis
368 1935 507 2002 vetustis
530 1934 679 2002 Cererem
703 1941 735 2001 et
754 1935 982 2020 Proserpinam
1005 1933 1266 2018 significantibus
1289 1941 1330 1999 τὼ
1353 1938 1432 2014 θεώ,

198 2054 260 2110 τοῖν
282 2048 378 2120 θεοῖν,
401 2053 465 2109 ταῖν
488 2046 576 2109 θεαῖν
600 2041 782 2108 adhibitum
805 2061 888 2126 esse,
912 2041 972 2108 sed
996 2042 1094 2107 etiam
1118 2042 1151 2106 in
1175 2041 1338 2109 nonnullis
1355 2042 1433 2108 aliis

199 2150 347 2235 vocibus,
385 2157 421 2216 ut
458 2148 723 2235 adstipulandum
760 2148 803 2215 sit
839 2147 1088 2215 Meisterhansio
1125 2147 1261 2215 dicenti:
1304 2148 1435 2234 ,Einige

199 2257 393 2340 Bedeutung
425 2257 568 2340 gewinnt
599 2255 658 2322 der
688 2254 776 2321 Dual
812 2254 990 2321 wiederum
1025 2255 1111 2321 beim
1143 2255 1332 2322 Aufbluhen
1370 2255 1432 2322 der

198 2363 406 2431 klassiscbeu
430 2362 566 2429 Studien
588 2362 622 2428 iu
646 2362 704 2428 der
727 2362 919 2428 Kaiserueit.
957 2363 1052 2428 Denn
1076 2382 1190 2429 ausser
1204 2363 1343 2428 Formen
1366 2363 1432 2428 wie

199 2477 241 2536 τὼ
264 2475 340 2547 θεώ,
363 2480 427 2537 τοῖν
449 2471 534 2536 θεοῖν
557 2469 623 2536 und
645 2469 864 2535 vereinzelteu
887 2470 964 2535 δοοῖν
987 2468 1095 2535 finden
1120 2468 1190 2536 sich
1213 2470 1297 2536 auch
1322 2470 1431 2537 Duale

199 2578 263 2644 wie
285 2589 386 2666 χροσᾰ
408 2575 555 2644 cimona:
602 2576 790 2660 (Grammat.
816 2574 848 2643 d.
872 2582 930 2644 att.
954 2575 1077 2642 Inscbr.
1124 2579 1145 2658 θ
1169 2578 1234 2657 81.)

709 3010 837 3121 Caput
868 3011 923 3094 ΙΙ.

292 3197 451 3276 Quoniam
475 3198 582 3283 qualis
605 3197 702 3265 fuerit
720 3198 919 3283 singulorum
933 3218 1053 3284 prosae
1070 3197 1226 3264 orationis
1241 3199 1433 3284 scriptorum

200 3326 281 3373 usus
313 3305 505 3389 singillatim
537 3306 758 3391 exposuimus,
795 3305 991 3373 accedamus
1024 3305 1067 3372 ad
1100 3326 1141 3372 ea
1177 3326 1262 3390 quae
1292 3306 1434 3371 maxime

200 3420 275 3481 sunt
297 3413 520 3480 memorabilia
544 3414 682 3479 breviter
705 3412 1019 3498 comprehendenda
1057 3412 1167 3478 Prima
1189 3419 1298 3479 autem
1320 3413 1434 3478 tabula

95 3560 104 3577 ·
199 3539 365 3587 numerum
400 3519 573 3585 formarum
610 3519 769 3604 dualium,
816 3539 901 3603 quae
943 3519 1033 3605 apud
1069 3519 1217 3603 singulos
1255 3518 1434 3604 scriptores

200 3632 380 3710 occurrunt,
403 3625 537 3704 indicat,
562 3611 681 3693 deinde
704 3624 783 3709 quot
805 3625 921 3693 duales
944 3626 1069 3692 formae
1091 3626 1125 3691 in
1140 3625 1285 3692 centenis
1299 3625 1432 3710 paginis

198 3733 413 3812 inveniantur,
444 3752 651 3818 exponemus.
696 3732 894 3818 Paginarum
920 3752 1088 3799 numerum
1116 3731 1161 3798 ad
1183 3752 1257 3799 eum
1279 3732 1432 3817 referam,

175 3840 256 3923 ,qui
288 3847 339 3907 est
369 3840 402 3904 in
432 3838 628 3906 editionibus
656 3840 901 3907 Teubnerianis.
952 3838 1019 3905 Sed
1046 3859 1119 3906 cum
1146 3859 1211 3905 non
1239 3859 1349 3906 omnes
1377 3839 1431 3905 vel

203 3947 325 4031 singuli
347 3946 574 4012 nonnullorum
597 3946 789 4032 scriptorum
813 3947 886 4013 libri
910 3947 959 4014 eis
982 3947 1219 4032 contineantur,
1241 3966 1306 4012 non
1321 3964 1435 4012 omnes

201 4072 352 4120 numeros
375 4059 443 4120 tam
466 4060 619 4121 accurate
642 4053 867 4120 ratiocinando
890 4053 1023 4138 assequi
1046 4053 1151 4139 potui,
1182 4060 1303 4119 utnon
1326 4054 1359 4118 in
1383 4052 1434 4117 eis

201 4158 257 4243 qui
280 4159 367 4225 mille
390 4160 584 4246 paginarum
605 4160 703 4244 longe
727 4160 888 4227 excedunt
910 4180 1085 4245 numerum,
1110 4160 1347 4244 quinquaginta
1362 4157 1431 4224 fere

201 4265 345 4352 paginas
368 4268 421 4334 vel
443 4267 618 4334 addendae
640 4268 692 4334 rel
716 4267 939 4334 detrahendae
963 4268 1036 4335 sint.
1089 4265 1185 4344 Quod
1213 4266 1257 4332 ad
1287 4265 1433 4330 dualium

202 4372 376 4439 formarum
404 4373 617 4457 frequentiam
643 4394 703 4460 pro
730 4375 878 4460 portione
902 4372 1162 4440 constituendam
1184 4371 1265 4437 nibil
1288 4378 1433 4437 autnon

200 4482 335 4547 multum
357 4480 446 4546 lacit.

292 4675 313 4742 ¹)
337 4675 398 4743 195,
418 4674 479 4741 701,
499 4675 559 4742 tat,
580 4675 650 4730 1326
669 4675 800 4731 metricae
818 4679 884 4730 aunt
902 4674 1104 4745 inscriptiones.
