<?xml version="1.0" encoding="UTF-8"?>
<!DOCTYPE html PUBLIC "-//W3C//DTD XHTML 1.0 Transitional//EN"
    "http://www.w3.org/TR/xhtml1/DTD/xhtml1-transitional.dtd">
<html xmlns="http://www.w3.org/1999/xhtml" xml:lang="en" lang="en">
 <head>
  <title>
</title>
<meta http-equiv="Content-Type" content="text/html;charset=utf-8" />
  <meta name='ocr-system' content='tesseract 3.04.00' />
  <meta name='ocr-capabilities' content='ocr_page ocr_carea ocr_par ocr_line ocrx_word'/>
</head>
<body>
  <div class='ocr_page' id='page_1' title='image "./dedualigraecoru00schmgoog_0046.png"; bbox 0 0 3552 5370; ppageno 0'>
   <div class='ocr_carea' id='block_1_1' title="bbox 832 453 874 518">
    <p class='ocr_par' dir='ltr' id='par_1_1' title="bbox 832 453 874 518">
     <span class='ocr_line' id='line_1_1' title="bbox 832 453 874 518; baseline -0.071 0"><span class='ocrx_word' id='word_1_1' title='bbox 832 453 874 518; x_wconf 90' lang='grc'>27</span> 
     </span>
    </p>
   </div>
   <div class='ocr_carea' id='block_1_2' title="bbox 236 645 1472 843">
    <p class='ocr_par' dir='ltr' id='par_1_2' title="bbox 236 645 1472 843">
     <span class='ocr_line' id='line_1_2' title="bbox 326 645 1472 730; baseline -0.002 -16"><span class='ocrx_word' id='word_1_2' title='bbox 326 648 378 715; x_wconf 82' lang='lat' dir='ltr'>Au</span> <span class='ocrx_word' id='word_1_3' title='bbox 406 647 490 714; x_wconf 90' lang='lat' dir='ltr'>hunc</span> <span class='ocrx_word' id='word_1_4' title='bbox 517 648 623 714; x_wconf 89' lang='lat' dir='ltr'>locum</span> <span class='ocrx_word' id='word_1_5' title='bbox 653 646 825 712; x_wconf 77' lang='lat' dir='ltr'>adnotavit</span> <span class='ocrx_word' id='word_1_6' title='bbox 852 645 1063 730; x_wconf 86' lang='lat' dir='ltr'>Sylbnrgins:</span> <span class='ocrx_word' id='word_1_7' title='bbox 1094 645 1224 730; x_wconf 86' lang='lat' dir='ltr'>,rectius</span> <span class='ocrx_word' id='word_1_8' title='bbox 1252 653 1314 712; x_wconf 82' lang='grc' dir='ltr'>τῶν</span> <span class='ocrx_word' id='word_1_9' title='bbox 1337 648 1411 711; x_wconf 80' lang='grc' dir='ltr'>δυεῖν</span> <span class='ocrx_word' id='word_1_10' title='bbox 1436 653 1472 712; x_wconf 85' lang='lat' dir='ltr'>nt</span> 
     </span>
     <span class='ocr_line' id='line_1_3' title="bbox 236 751 1470 843; baseline -0.005 -19"><span class='ocrx_word' id='word_1_11' title='bbox 236 777 270 843; x_wconf 90' lang='lat' dir='ltr'>p.</span> <span class='ocrx_word' id='word_1_12' title='bbox 294 758 360 824; x_wconf 89' lang='grc'>958</span> <span class='ocrx_word' id='word_1_13' title='bbox 383 775 467 823; x_wconf 91' lang='lat' dir='ltr'>vers.</span> <span class='ocrx_word' id='word_1_14' title='bbox 489 775 563 839; x_wconf 93' lang='lat' dir='ltr'><strong>pen.</strong></span> <span class='ocrx_word' id='word_1_15' title='bbox 585 754 637 819; x_wconf 92' lang='lat' dir='ltr'>vel</span> <span class='ocrx_word' id='word_1_16' title='bbox 665 764 727 819; x_wconf 84' lang='grc' dir='ltr'>τοῖν</span> <span class='ocrx_word' id='word_1_17' title='bbox 751 755 838 832; x_wconf 82' lang='grc' dir='ltr'><strong>δυοῖν,</strong></span> <span class='ocrx_word' id='word_1_18' title='bbox 866 759 901 818; x_wconf 86' lang='lat' dir='ltr'>ut</span> <span class='ocrx_word' id='word_1_19' title='bbox 928 752 1050 819; x_wconf 89' lang='lat' dir='ltr'>habent</span> <span class='ocrx_word' id='word_1_20' title='bbox 1073 751 1216 818; x_wconf 89' lang='lat' dir='ltr'>schedae</span> <span class='ocrx_word' id='word_1_21' title='bbox 1238 751 1377 819; x_wconf 83' lang='lat' dir='ltr'>Lollini‘.</span> <span class='ocrx_word' id='word_1_22' title='bbox 1422 753 1470 818; x_wconf 87' lang='lat' dir='ltr'>Ac</span> 
     </span>
    </p>
   </div>
   <div class='ocr_carea' id='block_1_3' title="bbox 235 860 1473 3194">
    <p class='ocr_par' dir='ltr' id='par_1_3' title="bbox 236 860 1472 1358">
     <span class='ocr_line' id='line_1_4' title="bbox 237 860 1472 947; baseline -0.002 -19"><span class='ocrx_word' id='word_1_23' title='bbox 237 861 316 928; x_wconf 88' lang='lat' dir='ltr'>mihi</span> <span class='ocrx_word' id='word_1_24' title='bbox 339 883 477 947; x_wconf 89' lang='lat' dir='ltr'>quoque,</span> <span class='ocrx_word' id='word_1_25' title='bbox 502 882 573 928; x_wconf 86' lang='lat' dir='ltr'>curn</span> <span class='ocrx_word' id='word_1_26' title='bbox 597 862 630 927; x_wconf 93' lang='lat' dir='ltr'>in</span> <span class='ocrx_word' id='word_1_27' title='bbox 654 884 717 928; x_wconf 85' lang='grc' dir='ltr'>-οιν</span> <span class='ocrx_word' id='word_1_28' title='bbox 741 860 845 926; x_wconf 86' lang='lat' dir='ltr'>forma</span> <span class='ocrx_word' id='word_1_29' title='bbox 867 861 957 926; x_wconf 91' lang='lat' dir='ltr'>nulla</span> <span class='ocrx_word' id='word_1_30' title='bbox 970 861 1004 926; x_wconf 94' lang='lat' dir='ltr'>in</span> <span class='ocrx_word' id='word_1_31' title='bbox 1019 860 1170 946; x_wconf 83' lang='lat' dir='ltr'>Dionysii</span> <span class='ocrx_word' id='word_1_32' title='bbox 1195 860 1335 945; x_wconf 89' lang='lat' dir='ltr'>scriptis,</span> <span class='ocrx_word' id='word_1_33' title='bbox 1359 870 1472 927; x_wconf 89' lang='lat' dir='ltr'>eontra</span> 
     </span>
     <span class='ocr_line' id='line_1_5' title="bbox 236 966 1469 1055; baseline -0.001 -20"><span class='ocrx_word' id='word_1_34' title='bbox 236 970 270 1035; x_wconf 92' lang='lat' dir='ltr'>in</span> <span class='ocrx_word' id='word_1_35' title='bbox 298 970 360 1036; x_wconf 90' lang='lat' dir='ltr'>hoc</span> <span class='ocrx_word' id='word_1_36' title='bbox 387 970 459 1055; x_wconf 91' lang='lat' dir='ltr'>ipso</span> <span class='ocrx_word' id='word_1_37' title='bbox 488 969 529 1035; x_wconf 91' lang='lat' dir='ltr'>de</span> <span class='ocrx_word' id='word_1_38' title='bbox 552 966 746 1035; x_wconf 85' lang='lat' dir='ltr'>admiranda</span> <span class='ocrx_word' id='word_1_39' title='bbox 774 969 805 1033; x_wconf 92' lang='lat' dir='ltr'>vi</span> <span class='ocrx_word' id='word_1_40' title='bbox 834 967 965 1035; x_wconf 85' lang='lat' dir='ltr'>dicendi</span> <span class='ocrx_word' id='word_1_41' title='bbox 993 968 1026 1035; x_wconf 92' lang='lat' dir='ltr'>in</span> <span class='ocrx_word' id='word_1_42' title='bbox 1049 968 1143 1033; x_wconf 83' lang='lat' dir='ltr'><strong>Denn.</strong></span> <span class='ocrx_word' id='word_1_43' title='bbox 1166 967 1278 1032; x_wconf 90' lang='lat' dir='ltr'>libello</span> <span class='ocrx_word' id='word_1_44' title='bbox 1302 969 1323 1034; x_wconf 89' lang='lat'><strong>3</strong></span> <span class='ocrx_word' id='word_1_45' title='bbox 1346 988 1378 1052; x_wconf 88' lang='lat' dir='ltr'>p.</span> <span class='ocrx_word' id='word_1_46' title='bbox 1404 969 1469 1034; x_wconf 87' lang='grc'>958</span> 
     </span>
     <span class='ocr_line' id='line_1_6' title="bbox 236 1073 1471 1160; baseline -0.003 -16"><span class='ocrx_word' id='word_1_47' title='bbox 236 1076 272 1143; x_wconf 73' lang='grc' dir='ltr'>ἐν</span> <span class='ocrx_word' id='word_1_48' title='bbox 294 1081 406 1144; x_wconf 80' lang='grc' dir='ltr'>τουτων</span> <span class='ocrx_word' id='word_1_49' title='bbox 428 1085 490 1143; x_wconf 84' lang='grc' dir='ltr'>τῶν</span> <span class='ocrx_word' id='word_1_50' title='bbox 513 1078 586 1140; x_wconf 81' lang='grc' dir='ltr'>δυεῖν</span> <span class='ocrx_word' id='word_1_51' title='bbox 610 1082 642 1140; x_wconf 90' lang='lat' dir='ltr'>et</span> <span class='ocrx_word' id='word_1_52' title='bbox 667 1078 708 1142; x_wconf 88' lang='lat'>19</span> <span class='ocrx_word' id='word_1_53' title='bbox 731 1097 764 1160; x_wconf 88' lang='lat' dir='ltr'>p.</span> <span class='ocrx_word' id='word_1_54' title='bbox 790 1077 876 1143; x_wconf 90' lang='grc'><strong>1009</strong></span> <span class='ocrx_word' id='word_1_55' title='bbox 904 1076 941 1140; x_wconf 76' lang='grc' dir='ltr'>ἐν</span> <span class='ocrx_word' id='word_1_56' title='bbox 967 1086 1026 1141; x_wconf 78' lang='grc' dir='ltr'>τῶν</span> <span class='ocrx_word' id='word_1_57' title='bbox 1049 1077 1126 1140; x_wconf 80' lang='grc' dir='ltr'>δυεῖν</span> <span class='ocrx_word' id='word_1_58' title='bbox 1153 1075 1292 1158; x_wconf 88' lang='lat' dir='ltr'>legatur,</span> <span class='ocrx_word' id='word_1_59' title='bbox 1322 1073 1471 1140; x_wconf 90' lang='lat' dir='ltr'>inlibris</span> 
     </span>
     <span class='ocr_line' id='line_1_7' title="bbox 236 1180 1470 1265; baseline -0.002 -16"><span class='ocrx_word' id='word_1_60' title='bbox 236 1183 406 1251; x_wconf 86' lang='lat' dir='ltr'>rhetoricis</span> <span class='ocrx_word' id='word_1_61' title='bbox 439 1182 567 1249; x_wconf 90' lang='lat' dir='ltr'>omnino</span> <span class='ocrx_word' id='word_1_62' title='bbox 601 1181 715 1247; x_wconf 88' lang='lat' dir='ltr'>duales</span> <span class='ocrx_word' id='word_1_63' title='bbox 748 1180 871 1248; x_wconf 82' lang='lat' dir='ltr'>formae</span> <span class='ocrx_word' id='word_1_64' title='bbox 904 1181 1027 1265; x_wconf 81' lang='lat' dir='ltr'>desint,</span> <span class='ocrx_word' id='word_1_65' title='bbox 1060 1191 1119 1247; x_wconf 79' lang='grc' dir='ltr'>τῶν</span> <span class='ocrx_word' id='word_1_66' title='bbox 1155 1183 1232 1247; x_wconf 79' lang='grc' dir='ltr'>δυεῖν</span> <span class='ocrx_word' id='word_1_67' title='bbox 1264 1180 1470 1246; x_wconf 86' lang='lat' dir='ltr'>scribendum</span> 
     </span>
     <span class='ocr_line' id='line_1_8' title="bbox 237 1290 473 1358; baseline 0.004 -2"><span class='ocrx_word' id='word_1_68' title='bbox 237 1311 311 1358; x_wconf 89' lang='lat' dir='ltr'>esse</span> <span class='ocrx_word' id='word_1_69' title='bbox 334 1290 473 1357; x_wconf 86' lang='lat' dir='ltr'>videtur.</span> 
     </span>
    </p>

    <p class='ocr_par' dir='ltr' id='par_1_4' title="bbox 235 1395 1471 1701">
     <span class='ocr_line' id='line_1_9' title="bbox 324 1395 1469 1485; baseline -0.003 -22"><span class='ocrx_word' id='word_1_70' title='bbox 324 1398 443 1465; x_wconf 81' lang='lat' dir='ltr'><strong>Exstat</strong></span> <span class='ocrx_word' id='word_1_71' title='bbox 473 1397 573 1481; x_wconf 89' lang='lat' dir='ltr'>igitur</span> <span class='ocrx_word' id='word_1_72' title='bbox 604 1417 670 1462; x_wconf 93' lang='lat' dir='ltr'>una</span> <span class='ocrx_word' id='word_1_73' title='bbox 702 1396 807 1462; x_wconf 87' lang='lat' dir='ltr'>forma</span> <span class='ocrx_word' id='word_1_74' title='bbox 840 1395 947 1462; x_wconf 89' lang='lat' dir='ltr'>dualis</span> <span class='ocrx_word' id='word_1_75' title='bbox 978 1402 1019 1461; x_wconf 84' lang='grc' dir='ltr'>τὼ</span> <span class='ocrx_word' id='word_1_76' title='bbox 1051 1406 1133 1485; x_wconf 78' lang='grc' dir='ltr'>χεῖρε</span> <span class='ocrx_word' id='word_1_77' title='bbox 1171 1396 1204 1460; x_wconf 91' lang='lat' dir='ltr'>in</span> <span class='ocrx_word' id='word_1_78' title='bbox 1238 1395 1469 1477; x_wconf 89' lang='lat' dir='ltr'>arohaeologia</span> 
     </span>
     <span class='ocr_line' id='line_1_10' title="bbox 236 1503 1471 1588; baseline -0.004 -17"><span class='ocrx_word' id='word_1_79' title='bbox 236 1507 384 1571; x_wconf 83' lang='lat' dir='ltr'>Romana</span> <span class='ocrx_word' id='word_1_80' title='bbox 416 1504 535 1573; x_wconf 80' lang='lat' dir='ltr'>sexies.</span> <span class='ocrx_word' id='word_1_81' title='bbox 589 1505 662 1572; x_wconf 87' lang='lat' dir='ltr'>Non</span> <span class='ocrx_word' id='word_1_82' title='bbox 695 1505 800 1571; x_wconf 86' lang='lat' dir='ltr'>minus</span> <span class='ocrx_word' id='word_1_83' title='bbox 833 1514 940 1569; x_wconf 90' lang='lat' dir='ltr'>autem</span> <span class='ocrx_word' id='word_1_84' title='bbox 973 1503 1124 1587; x_wconf 82' lang='lat' dir='ltr'>frequens</span> <span class='ocrx_word' id='word_1_85' title='bbox 1158 1510 1209 1569; x_wconf 89' lang='lat' dir='ltr'>est</span> <span class='ocrx_word' id='word_1_86' title='bbox 1241 1503 1378 1588; x_wconf 92' lang='lat' dir='ltr'>pluralis</span> <span class='ocrx_word' id='word_1_87' title='bbox 1415 1506 1471 1577; x_wconf 84' lang='grc' dir='ltr'>τὰς</span> 
     </span>
     <span class='ocr_line' id='line_1_11' title="bbox 235 1610 1426 1701; baseline -0.002 -24"><span class='ocrx_word' id='word_1_88' title='bbox 235 1623 356 1701; x_wconf 75' lang='grc' dir='ltr'>χεῖραςε</span> <span class='ocrx_word' id='word_1_89' title='bbox 385 1611 480 1676; x_wconf 81' lang='lat' dir='ltr'>Arclu</span> <span class='ocrx_word' id='word_1_90' title='bbox 498 1610 570 1690; x_wconf 90' lang='lat' dir='ltr'>VII,</span> <span class='ocrx_word' id='word_1_91' title='bbox 595 1614 649 1695; x_wconf 84' lang='lat'>69,</span> <span class='ocrx_word' id='word_1_92' title='bbox 674 1614 704 1679; x_wconf 92' lang='grc'>2.</span> <span class='ocrx_word' id='word_1_93' title='bbox 748 1610 820 1695; x_wconf 88' lang='lat' dir='ltr'>XII,</span> <span class='ocrx_word' id='word_1_94' title='bbox 846 1614 898 1678; x_wconf 87' lang='lat'><strong>14.</strong></span> <span class='ocrx_word' id='word_1_95' title='bbox 939 1610 1083 1694; x_wconf 75' lang='grc'>111118.</span> <span class='ocrx_word' id='word_1_96' title='bbox 1121 1610 1208 1691; x_wconf 85' lang='lat' dir='ltr'>XIV,</span> <span class='ocrx_word' id='word_1_97' title='bbox 1232 1613 1264 1675; x_wconf 85' lang='lat'>4.</span> <span class='ocrx_word' id='word_1_98' title='bbox 1301 1610 1373 1695; x_wconf 90' lang='lat' dir='ltr'>XV,</span> <span class='ocrx_word' id='word_1_99' title='bbox 1396 1613 1426 1677; x_wconf 88' lang='grc'>9.</span> 
     </span>
    </p>

    <p class='ocr_par' dir='ltr' id='par_1_5' title="bbox 325 1716 895 1785">
     <span class='ocr_line' id='line_1_12' title="bbox 325 1716 895 1785; baseline 0.004 -4"><span class='ocrx_word' id='word_1_100' title='bbox 325 1717 386 1784; x_wconf 77' lang='lat' dir='ltr'>Aba</span> <span class='ocrx_word' id='word_1_101' title='bbox 409 1717 602 1783; x_wconf 90' lang='lat' dir='ltr'>vocabulum</span> <span class='ocrx_word' id='word_1_102' title='bbox 627 1719 675 1785; x_wconf 92' lang='lat' dir='ltr'>sic</span> <span class='ocrx_word' id='word_1_103' title='bbox 700 1716 895 1785; x_wconf 88' lang='lat' dir='ltr'>declinatur:</span> 
     </span>
    </p>

    <p class='ocr_par' dir='ltr' id='par_1_6' title="bbox 398 1823 1044 2335">
     <span class='ocr_line' id='line_1_13' title="bbox 398 1823 1044 1911; baseline 0 -21"><span class='ocrx_word' id='word_1_104' title='bbox 398 1826 582 1909; x_wconf 84' lang='lat' dir='ltr'>genetivus:</span> <span class='ocrx_word' id='word_1_105' title='bbox 613 1827 691 1890; x_wconf 80' lang='grc' dir='ltr'>δυεῖν</span> <span class='ocrx_word' id='word_1_106' title='bbox 715 1826 867 1908; x_wconf 84' lang='lat' dir='ltr'>sexagies</span> <span class='ocrx_word' id='word_1_107' title='bbox 892 1823 1044 1911; x_wconf 76' lang='lat' dir='ltr'>septies¹l</span> 
     </span>
     <span class='ocr_line' id='line_1_14' title="bbox 612 1932 827 2009; baseline -0.005 -11"><span class='ocrx_word' id='word_1_108' title='bbox 612 1935 663 1998; x_wconf 79' lang='grc' dir='ltr'>δὸο</span> <span class='ocrx_word' id='word_1_109' title='bbox 687 1932 827 2009; x_wconf 71' lang='lat' dir='ltr'>decies2)</span> 
     </span>
     <span class='ocr_line' id='line_1_15' title="bbox 434 2037 978 2122; baseline 0 -20"><span class='ocrx_word' id='word_1_110' title='bbox 434 2038 580 2104; x_wconf 84' lang='lat' dir='ltr'>dativus:</span> <span class='ocrx_word' id='word_1_111' title='bbox 609 2039 678 2103; x_wconf 80' lang='grc' dir='ltr'>δυσί</span> <span class='ocrx_word' id='word_1_112' title='bbox 698 2039 809 2104; x_wconf 82' lang='lat' dir='ltr'>tricies</span> <span class='ocrx_word' id='word_1_113' title='bbox 833 2037 978 2122; x_wconf 79' lang='lat' dir='ltr'>quater³)</span> 
     </span>
     <span class='ocr_line' id='line_1_16' title="bbox 611 2145 768 2229; baseline 0.013 -19"><span class='ocrx_word' id='word_1_114' title='bbox 611 2148 663 2210; x_wconf 76' lang='lat' dir='ltr'>ooo</span> <span class='ocrx_word' id='word_1_115' title='bbox 686 2145 768 2229; x_wconf 81' lang='lat' dir='ltr'>bis⁴)</span> 
     </span>
     <span class='ocr_line' id='line_1_17' title="bbox 611 2251 852 2335; baseline 0.004 -18"><span class='ocrx_word' id='word_1_116' title='bbox 611 2255 687 2317; x_wconf 86' lang='grc' dir='ltr'>δυεῖν</span> <span class='ocrx_word' id='word_1_117' title='bbox 710 2251 852 2335; x_wconf 68' lang='lat' dir='ltr'>semelll.</span> 
     </span>
    </p>

    <p class='ocr_par' dir='ltr' id='par_1_7' title="bbox 326 2358 1361 2444">
     <span class='ocr_line' id='line_1_18' title="bbox 326 2358 1361 2444; baseline 0.001 -20"><span class='ocrx_word' id='word_1_118' title='bbox 326 2359 388 2426; x_wconf 80' lang='grc' dir='ltr'>Δυο</span> <span class='ocrx_word' id='word_1_119' title='bbox 412 2358 516 2425; x_wconf 86' lang='lat' dir='ltr'>forma</span> <span class='ocrx_word' id='word_1_120' title='bbox 540 2367 616 2425; x_wconf 85' lang='lat' dir='ltr'>ante</span> <span class='ocrx_word' id='word_1_121' title='bbox 640 2359 785 2425; x_wconf 84' lang='lat' dir='ltr'>vocalem</span> <span class='ocrx_word' id='word_1_122' title='bbox 809 2358 989 2444; x_wconf 89' lang='lat' dir='ltr'>Dionysius</span> <span class='ocrx_word' id='word_1_123' title='bbox 1012 2378 1174 2442; x_wconf 81' lang='lat' dir='ltr'>nunqnam</span> <span class='ocrx_word' id='word_1_124' title='bbox 1200 2378 1278 2425; x_wconf 90' lang='lat' dir='ltr'>usus</span> <span class='ocrx_word' id='word_1_125' title='bbox 1302 2365 1361 2425; x_wconf 89' lang='lat' dir='ltr'>est.</span> 
     </span>
    </p>

    <p class='ocr_par' dir='ltr' id='par_1_8' title="bbox 318 2465 1425 2556">
     <span class='ocr_line' id='line_1_19' title="bbox 318 2465 1425 2556; baseline 0.002 -25"><span class='ocrx_word' id='word_1_126' title='bbox 318 2465 437 2556; x_wconf 71' lang='lat' dir='ltr'>’Appos</span> <span class='ocrx_word' id='word_1_127' title='bbox 460 2467 650 2551; x_wconf 79' lang='lat' dir='ltr'>septuagies</span> <span class='ocrx_word' id='word_1_128' title='bbox 674 2466 742 2532; x_wconf 82' lang='lat' dir='ltr'>fere</span> <span class='ocrx_word' id='word_1_129' title='bbox 765 2466 892 2550; x_wconf 86' lang='lat' dir='ltr'>legitur,</span> <span class='ocrx_word' id='word_1_130' title='bbox 916 2466 1086 2554; x_wconf 79' lang='grc' dir='ltr'>ἀμφότερος</span> <span class='ocrx_word' id='word_1_131' title='bbox 1110 2466 1283 2532; x_wconf 87' lang='lat' dir='ltr'>trecenties</span> <span class='ocrx_word' id='word_1_132' title='bbox 1307 2466 1425 2533; x_wconf 86' lang='lat' dir='ltr'>tricies.</span> 
     </span>
    </p>

    <p class='ocr_par' dir='ltr' id='par_1_9' title="bbox 237 2570 1473 2979">
     <span class='ocr_line' id='line_1_20' title="bbox 326 2570 1472 2662; baseline -0.001 -23"><span class='ocrx_word' id='word_1_133' title='bbox 326 2570 458 2662; x_wconf 80' lang='grc' dir='ltr'>Ἀμφοῖν</span> <span class='ocrx_word' id='word_1_134' title='bbox 491 2572 616 2639; x_wconf 88' lang='lat' dir='ltr'>duobus</span> <span class='ocrx_word' id='word_1_135' title='bbox 648 2580 772 2639; x_wconf 88' lang='lat' dir='ltr'>tanturn</span> <span class='ocrx_word' id='word_1_136' title='bbox 806 2574 887 2639; x_wconf 88' lang='lat' dir='ltr'>locis</span> <span class='ocrx_word' id='word_1_137' title='bbox 920 2593 992 2639; x_wconf 83' lang='lat' dir='ltr'>curn</span> <span class='ocrx_word' id='word_1_138' title='bbox 1022 2574 1152 2639; x_wconf 90' lang='lat' dir='ltr'>nomine</span> <span class='ocrx_word' id='word_1_139' title='bbox 1184 2574 1387 2640; x_wconf 91' lang='lat' dir='ltr'>coniunctum</span> <span class='ocrx_word' id='word_1_140' title='bbox 1421 2579 1472 2639; x_wconf 90' lang='lat' dir='ltr'>est</span> 
     </span>
     <span class='ocr_line' id='line_1_21' title="bbox 238 2677 1473 2768; baseline 0 -22"><span class='ocrx_word' id='word_1_141' title='bbox 238 2688 338 2765; x_wconf 88' lang='lat' dir='ltr'>atque</span> <span class='ocrx_word' id='word_1_142' title='bbox 362 2699 401 2745; x_wconf 88' lang='lat' dir='ltr'>eo</span> <span class='ocrx_word' id='word_1_143' title='bbox 424 2680 557 2766; x_wconf 86' lang='lat' dir='ltr'>plurali:</span> <span class='ocrx_word' id='word_1_144' title='bbox 582 2680 623 2745; x_wconf 88' lang='lat' dir='ltr'>de</span> <span class='ocrx_word' id='word_1_145' title='bbox 647 2700 748 2765; x_wconf 83' lang='lat' dir='ltr'>conrp.</span> <span class='ocrx_word' id='word_1_146' title='bbox 772 2681 858 2746; x_wconf 84' lang='lat' dir='ltr'>verb.</span> <span class='ocrx_word' id='word_1_147' title='bbox 873 2683 916 2746; x_wconf 90' lang='grc'>25</span> <span class='ocrx_word' id='word_1_148' title='bbox 939 2701 971 2764; x_wconf 89' lang='lat' dir='ltr'>p.</span> <span class='ocrx_word' id='word_1_149' title='bbox 987 2683 1052 2747; x_wconf 89' lang='grc'>208</span> <span class='ocrx_word' id='word_1_150' title='bbox 1076 2684 1195 2766; x_wconf 77' lang='grc' dir='ltr'>πολλὴν</span> <span class='ocrx_word' id='word_1_151' title='bbox 1220 2677 1246 2745; x_wconf 81' lang='grc' dir='ltr'>δ’</span> <span class='ocrx_word' id='word_1_152' title='bbox 1272 2680 1383 2768; x_wconf 75' lang='grc' dir='ltr'>ἀμφοῖν</span> <span class='ocrx_word' id='word_1_153' title='bbox 1407 2683 1473 2768; x_wconf 79' lang='grc' dir='ltr'>ἔχει</span> 
     </span>
     <span class='ocr_line' id='line_1_22' title="bbox 237 2785 1472 2875; baseline 0.001 -23"><span class='ocrx_word' id='word_1_154' title='bbox 237 2791 345 2853; x_wconf 79' lang='grc' dir='ltr'>τοίνυυν</span> <span class='ocrx_word' id='word_1_155' title='bbox 368 2794 518 2873; x_wconf 82' lang='grc' dir='ltr'>πρόνοιαν,</span> <span class='ocrx_word' id='word_1_156' title='bbox 549 2785 591 2852; x_wconf 88' lang='lat' dir='ltr'>de</span> <span class='ocrx_word' id='word_1_157' title='bbox 618 2788 719 2871; x_wconf 84' lang='lat' dir='ltr'>Lysia</span> <span class='ocrx_word' id='word_1_158' title='bbox 742 2786 838 2854; x_wconf 90' lang='lat' dir='ltr'>iudic.</span> <span class='ocrx_word' id='word_1_159' title='bbox 862 2789 882 2853; x_wconf 89' lang='lat'><strong>6</strong></span> <span class='ocrx_word' id='word_1_160' title='bbox 905 2808 937 2873; x_wconf 91' lang='lat' dir='ltr'>p.</span> <span class='ocrx_word' id='word_1_161' title='bbox 959 2789 1026 2854; x_wconf 88' lang='grc'>464</span> <span class='ocrx_word' id='word_1_162' title='bbox 1054 2793 1216 2873; x_wconf 74' lang='grc' dir='ltr'>γενομένων</span> <span class='ocrx_word' id='word_1_163' title='bbox 1244 2786 1366 2875; x_wconf 82' lang='grc' dir='ltr'>ἀμφοῖν,</span> <span class='ocrx_word' id='word_1_164' title='bbox 1396 2789 1472 2853; x_wconf 80' lang='grc' dir='ltr'>δυεῖν</span> 
     </span>
     <span class='ocr_line' id='line_1_23' title="bbox 239 2893 613 2979; baseline -0.011 -18"><span class='ocrx_word' id='word_1_165' title='bbox 239 2914 368 2979; x_wconf 84' lang='lat' dir='ltr'>semper</span> <span class='ocrx_word' id='word_1_166' title='bbox 391 2913 463 2959; x_wconf 88' lang='lat' dir='ltr'>curn</span> <span class='ocrx_word' id='word_1_167' title='bbox 485 2893 613 2978; x_wconf 87' lang='lat' dir='ltr'>plurali.</span> 
     </span>
    </p>

    <p class='ocr_par' dir='ltr' id='par_1_10' title="bbox 238 3000 1471 3194">
     <span class='ocr_line' id='line_1_24' title="bbox 326 3000 1470 3093; baseline 0.001 -28"><span class='ocrx_word' id='word_1_168' title='bbox 326 3000 434 3093; x_wconf 84' lang='lat' dir='ltr'>Artis</span> <span class='ocrx_word' id='word_1_169' title='bbox 457 3000 696 3085; x_wconf 74' lang='lat' dir='ltr'>rhetoricae,</span> <span class='ocrx_word' id='word_1_170' title='bbox 725 3021 810 3085; x_wconf 91' lang='lat' dir='ltr'>quae</span> <span class='ocrx_word' id='word_1_171' title='bbox 838 3001 989 3087; x_wconf 89' lang='lat' dir='ltr'>Dionysii</span> <span class='ocrx_word' id='word_1_172' title='bbox 1013 3001 1319 3067; x_wconf 89' lang='lat' dir='ltr'>Halicarnassensis</span> <span class='ocrx_word' id='word_1_173' title='bbox 1342 3000 1470 3066; x_wconf 90' lang='lat' dir='ltr'>nomine</span> 
     </span>
     <span class='ocr_line' id='line_1_25' title="bbox 238 3108 1471 3194; baseline 0.001 -21"><span class='ocrx_word' id='word_1_174' title='bbox 238 3108 459 3174; x_wconf 83' lang='lat' dir='ltr'>clrcomfertnr</span> <span class='ocrx_word' id='word_1_175' title='bbox 486 3108 595 3194; x_wconf 86' lang='lat' dir='ltr'>capita</span> <span class='ocrx_word' id='word_1_176' title='bbox 621 3111 704 3174; x_wconf 88' lang='grc'>1-7</span> <span class='ocrx_word' id='word_1_177' title='bbox 739 3117 826 3174; x_wconf 87' lang='lat' dir='ltr'>certe</span> <span class='ocrx_word' id='word_1_178' title='bbox 858 3129 924 3174; x_wconf 91' lang='lat' dir='ltr'>non</span> <span class='ocrx_word' id='word_1_179' title='bbox 953 3129 974 3173; x_wconf 91' lang='lat' dir='ltr'>a</span> <span class='ocrx_word' id='word_1_180' title='bbox 998 3109 1157 3194; x_wconf 88' lang='lat' dir='ltr'>Dionysio</span> <span class='ocrx_word' id='word_1_181' title='bbox 1188 3109 1373 3193; x_wconf 86' lang='lat' dir='ltr'>conscripta</span> <span class='ocrx_word' id='word_1_182' title='bbox 1398 3127 1471 3174; x_wconf 86' lang='lat' dir='ltr'>esse</span> 
     </span>
    </p>
   </div>
   <div class='ocr_carea' id='block_1_4' title="bbox 235 3302 1478 4799">
    <p class='ocr_par' dir='ltr' id='par_1_11' title="bbox 235 3302 1475 3985">
     <span class='ocr_line' id='line_1_26' title="bbox 330 3302 1474 3370; baseline -0.002 -13"><span class='ocrx_word' id='word_1_183' title='bbox 330 3302 350 3370; x_wconf 84' lang='lat'>¹)</span> <span class='ocrx_word' id='word_1_184' title='bbox 374 3303 457 3358; x_wconf 82' lang='lat' dir='ltr'><strong>Arch.</strong></span> <span class='ocrx_word' id='word_1_185' title='bbox 477 3304 498 3367; x_wconf 92' lang='grc'>1,</span> <span class='ocrx_word' id='word_1_186' title='bbox 517 3304 543 3369; x_wconf 90' lang='grc'>3,</span> <span class='ocrx_word' id='word_1_187' title='bbox 562 3305 588 3357; x_wconf 89' lang='grc'>2.</span> <span class='ocrx_word' id='word_1_188' title='bbox 618 3305 706 3367; x_wconf 89' lang='grc'>51,1.</span> <span class='ocrx_word' id='word_1_189' title='bbox 741 3303 828 3369; x_wconf 90' lang='grc'>71,1.</span> <span class='ocrx_word' id='word_1_190' title='bbox 866 3305 901 3369; x_wconf 92' lang='grc' dir='ltr'>ΙΙ,</span> <span class='ocrx_word' id='word_1_191' title='bbox 922 3305 963 3369; x_wconf 91' lang='grc'>15,</span> <span class='ocrx_word' id='word_1_192' title='bbox 983 3305 1008 3358; x_wconf 91' lang='grc'>4.</span> <span class='ocrx_word' id='word_1_193' title='bbox 1046 3305 1089 3368; x_wconf 88' lang='grc'>20,</span> <span class='ocrx_word' id='word_1_194' title='bbox 1108 3304 1134 3356; x_wconf 92' lang='grc'>2.</span> <span class='ocrx_word' id='word_1_195' title='bbox 1171 3304 1260 3369; x_wconf 87' lang='grc'>53,1.</span> <span class='ocrx_word' id='word_1_196' title='bbox 1297 3304 1345 3366; x_wconf 88' lang='grc' dir='ltr'>ΠΙ,</span> <span class='ocrx_word' id='word_1_197' title='bbox 1365 3304 1408 3367; x_wconf 91' lang='grc'>23,</span> <span class='ocrx_word' id='word_1_198' title='bbox 1428 3303 1474 3355; x_wconf 88' lang='grc'>21.</span> 
     </span>
     <span class='ocr_line' id='line_1_27' title="bbox 236 3392 1471 3459; baseline 0 -13"><span class='ocrx_word' id='word_1_199' title='bbox 236 3392 324 3456; x_wconf 88' lang='grc'>28,1.</span> <span class='ocrx_word' id='word_1_200' title='bbox 361 3393 405 3457; x_wconf 91' lang='grc'>30,</span> <span class='ocrx_word' id='word_1_201' title='bbox 428 3393 453 3446; x_wconf 89' lang='grc'>3.</span> <span class='ocrx_word' id='word_1_202' title='bbox 491 3394 534 3456; x_wconf 87' lang='grc'>46,</span> <span class='ocrx_word' id='word_1_203' title='bbox 554 3394 578 3447; x_wconf 89' lang='grc'>5.</span> <span class='ocrx_word' id='word_1_204' title='bbox 616 3395 660 3459; x_wconf 90' lang='grc'>56,</span> <span class='ocrx_word' id='word_1_205' title='bbox 680 3394 704 3447; x_wconf 90' lang='grc'>3.</span> <span class='ocrx_word' id='word_1_206' title='bbox 749 3394 797 3459; x_wconf 88' lang='lat' dir='ltr'>IV,</span> <span class='ocrx_word' id='word_1_207' title='bbox 816 3395 859 3459; x_wconf 86' lang='lat'>48,</span> <span class='ocrx_word' id='word_1_208' title='bbox 880 3396 903 3447; x_wconf 93' lang='lat'>1.</span> <span class='ocrx_word' id='word_1_209' title='bbox 941 3394 984 3458; x_wconf 92' lang='grc'>82,</span> <span class='ocrx_word' id='word_1_210' title='bbox 1003 3395 1029 3448; x_wconf 91' lang='grc'>4.</span> <span class='ocrx_word' id='word_1_211' title='bbox 1071 3394 1105 3457; x_wconf 97' lang='lat' dir='ltr'>V,</span> <span class='ocrx_word' id='word_1_212' title='bbox 1130 3393 1172 3457; x_wconf 94' lang='grc'>10,</span> <span class='ocrx_word' id='word_1_213' title='bbox 1193 3393 1219 3446; x_wconf 88' lang='grc'>7.</span> <span class='ocrx_word' id='word_1_214' title='bbox 1255 3393 1345 3456; x_wconf 86' lang='grc'>21,1.</span> <span class='ocrx_word' id='word_1_215' title='bbox 1381 3392 1471 3458; x_wconf 92' lang='grc'>27,1.</span> 
     </span>
     <span class='ocr_line' id='line_1_28' title="bbox 236 3481 1475 3548; baseline 0.002 -14"><span class='ocrx_word' id='word_1_216' title='bbox 236 3481 280 3547; x_wconf 89' lang='grc'>63,</span> <span class='ocrx_word' id='word_1_217' title='bbox 298 3481 324 3535; x_wconf 88' lang='grc'>3.</span> <span class='ocrx_word' id='word_1_218' title='bbox 362 3481 449 3545; x_wconf 94' lang='grc'>72,1.</span> <span class='ocrx_word' id='word_1_219' title='bbox 486 3482 534 3547; x_wconf 90' lang='lat' dir='ltr'>VI,</span> <span class='ocrx_word' id='word_1_220' title='bbox 554 3485 578 3548; x_wconf 90' lang='lat'>1,</span> <span class='ocrx_word' id='word_1_221' title='bbox 598 3484 623 3536; x_wconf 89' lang='grc'>3.</span> <span class='ocrx_word' id='word_1_222' title='bbox 662 3485 703 3547; x_wconf 92' lang='grc'>15,</span> <span class='ocrx_word' id='word_1_223' title='bbox 723 3484 748 3537; x_wconf 92' lang='grc'>2.</span> <span class='ocrx_word' id='word_1_224' title='bbox 786 3484 829 3548; x_wconf 92' lang='grc'>26,</span> <span class='ocrx_word' id='word_1_225' title='bbox 849 3484 873 3536; x_wconf 96' lang='grc'>1.</span> <span class='ocrx_word' id='word_1_226' title='bbox 911 3483 998 3546; x_wconf 88' lang='grc'>76,1.</span> <span class='ocrx_word' id='word_1_227' title='bbox 1036 3482 1096 3547; x_wconf 87' lang='lat' dir='ltr'>VH,</span> <span class='ocrx_word' id='word_1_228' title='bbox 1117 3483 1142 3546; x_wconf 88' lang='lat'>3,</span> <span class='ocrx_word' id='word_1_229' title='bbox 1162 3483 1186 3536; x_wconf 90' lang='grc'>2.</span> <span class='ocrx_word' id='word_1_230' title='bbox 1225 3482 1267 3547; x_wconf 87' lang='grc'>63,</span> <span class='ocrx_word' id='word_1_231' title='bbox 1287 3482 1313 3535; x_wconf 91' lang='grc'>4.</span> <span class='ocrx_word' id='word_1_232' title='bbox 1350 3482 1426 3545; x_wconf 91' lang='lat' dir='ltr'>VIII,</span> <span class='ocrx_word' id='word_1_233' title='bbox 1445 3482 1475 3546; x_wconf 90' lang='lat'>8,</span> 
     </span>
     <span class='ocr_line' id='line_1_29' title="bbox 235 3569 1472 3637; baseline -0.001 -12"><span class='ocrx_word' id='word_1_234' title='bbox 235 3571 261 3625; x_wconf 90' lang='lat'>3.</span> <span class='ocrx_word' id='word_1_235' title='bbox 299 3569 342 3635; x_wconf 90' lang='grc'>27,</span> <span class='ocrx_word' id='word_1_236' title='bbox 362 3571 387 3624; x_wconf 90' lang='grc'>3.</span> <span class='ocrx_word' id='word_1_237' title='bbox 429 3570 517 3635; x_wconf 86' lang='grc'>23,1.</span> <span class='ocrx_word' id='word_1_238' title='bbox 560 3572 602 3637; x_wconf 91' lang='grc'>77,</span> <span class='ocrx_word' id='word_1_239' title='bbox 621 3572 646 3626; x_wconf 90' lang='grc'>3.</span> <span class='ocrx_word' id='word_1_240' title='bbox 692 3572 740 3635; x_wconf 92' lang='grc' dir='ltr'>ΙΧ,</span> <span class='ocrx_word' id='word_1_241' title='bbox 759 3574 784 3636; x_wconf 87' lang='grc'>5,</span> <span class='ocrx_word' id='word_1_242' title='bbox 804 3573 830 3627; x_wconf 90' lang='grc'>3.</span> <span class='ocrx_word' id='word_1_243' title='bbox 877 3573 901 3635; x_wconf 90' lang='grc'>7,</span> <span class='ocrx_word' id='word_1_244' title='bbox 921 3573 945 3625; x_wconf 89' lang='grc'>2.</span> <span class='ocrx_word' id='word_1_245' title='bbox 994 3573 1036 3637; x_wconf 95' lang='grc'>13,</span> <span class='ocrx_word' id='word_1_246' title='bbox 1054 3573 1080 3627; x_wconf 87' lang='grc'>4.</span> <span class='ocrx_word' id='word_1_247' title='bbox 1124 3573 1166 3635; x_wconf 91' lang='grc'>18,</span> <span class='ocrx_word' id='word_1_248' title='bbox 1186 3572 1211 3624; x_wconf 88' lang='grc'>2.</span> <span class='ocrx_word' id='word_1_249' title='bbox 1253 3572 1340 3637; x_wconf 90' lang='grc'>26,1.</span> <span class='ocrx_word' id='word_1_250' title='bbox 1384 3571 1427 3636; x_wconf 90' lang='grc'>27,</span> <span class='ocrx_word' id='word_1_251' title='bbox 1447 3572 1472 3624; x_wconf 87' lang='grc'>2.</span> 
     </span>
     <span class='ocr_line' id='line_1_30' title="bbox 236 3659 1473 3726; baseline -0.002 -11"><span class='ocrx_word' id='word_1_252' title='bbox 236 3659 281 3724; x_wconf 87' lang='grc'>34,</span> <span class='ocrx_word' id='word_1_253' title='bbox 300 3660 325 3713; x_wconf 92' lang='grc'>2.</span> <span class='ocrx_word' id='word_1_254' title='bbox 363 3659 406 3725; x_wconf 89' lang='grc'>43,</span> <span class='ocrx_word' id='word_1_255' title='bbox 426 3662 452 3714; x_wconf 90' lang='grc'>3.</span> <span class='ocrx_word' id='word_1_256' title='bbox 490 3660 532 3725; x_wconf 92' lang='grc'>70,</span> <span class='ocrx_word' id='word_1_257' title='bbox 552 3660 577 3714; x_wconf 91' lang='grc'>3.</span> <span class='ocrx_word' id='word_1_258' title='bbox 615 3660 648 3723; x_wconf 90' lang='grc' dir='ltr'>Χ,</span> <span class='ocrx_word' id='word_1_259' title='bbox 667 3660 711 3714; x_wconf 89' lang='grc'>27.</span> <span class='ocrx_word' id='word_1_260' title='bbox 734 3661 778 3715; x_wconf 91' lang='grc'>32.</span> <span class='ocrx_word' id='word_1_261' title='bbox 802 3661 845 3715; x_wconf 93' lang='grc'>34.</span> <span class='ocrx_word' id='word_1_262' title='bbox 869 3661 912 3714; x_wconf 90' lang='grc'>36.</span> <span class='ocrx_word' id='word_1_263' title='bbox 931 3663 974 3715; x_wconf 88' lang='grc'>45.</span> <span class='ocrx_word' id='word_1_264' title='bbox 993 3662 1038 3716; x_wconf 89' lang='grc'>51.</span> <span class='ocrx_word' id='word_1_265' title='bbox 1076 3660 1121 3726; x_wconf 92' lang='grc' dir='ltr'>ΧΙ,</span> <span class='ocrx_word' id='word_1_266' title='bbox 1141 3661 1184 3715; x_wconf 88' lang='lat'><strong>31.</strong></span> <span class='ocrx_word' id='word_1_267' title='bbox 1204 3662 1240 3716; x_wconf 88' lang='grc'>60</span> <span class='ocrx_word' id='word_1_268' title='bbox 1259 3659 1330 3725; x_wconf 85' lang='lat' dir='ltr'>(bis).</span> <span class='ocrx_word' id='word_1_269' title='bbox 1367 3659 1428 3726; x_wconf 86' lang='lat' dir='ltr'>XII,</span> <span class='ocrx_word' id='word_1_270' title='bbox 1447 3660 1473 3714; x_wconf 88' lang='grc'>6.</span> 
     </span>
     <span class='ocr_line' id='line_1_31' title="bbox 237 3748 1473 3821; baseline 0.001 -19"><span class='ocrx_word' id='word_1_271' title='bbox 237 3748 299 3812; x_wconf 85' lang='lat' dir='ltr'>XV,</span> <span class='ocrx_word' id='word_1_272' title='bbox 317 3749 343 3803; x_wconf 88' lang='grc'>3.</span> <span class='ocrx_word' id='word_1_273' title='bbox 376 3748 558 3817; x_wconf 66' lang='grc' dir='ltr'>ΧΙΙΙΙΙΧΙΙΙΙΙ</span> <span class='ocrx_word' id='word_1_274' title='bbox 576 3751 602 3803; x_wconf 89' lang='grc'>5.</span> <span class='ocrx_word' id='word_1_275' title='bbox 630 3750 665 3804; x_wconf 85' lang='lat' dir='ltr'>de</span> <span class='ocrx_word' id='word_1_276' title='bbox 684 3768 772 3821; x_wconf 91' lang='lat' dir='ltr'><strong>comp.</strong></span> <span class='ocrx_word' id='word_1_277' title='bbox 792 3749 986 3817; x_wconf 84' lang='lat' dir='ltr'>verb.3(bis).</span> <span class='ocrx_word' id='word_1_278' title='bbox 1016 3750 1058 3805; x_wconf 94' lang='lat'>14.</span> <span class='ocrx_word' id='word_1_279' title='bbox 1080 3751 1112 3803; x_wconf 94' lang='grc'>17</span> <span class='ocrx_word' id='word_1_280' title='bbox 1122 3751 1194 3817; x_wconf 82' lang='lat' dir='ltr'>(bis).</span> <span class='ocrx_word' id='word_1_281' title='bbox 1221 3750 1264 3805; x_wconf 89' lang='grc'>20.</span> <span class='ocrx_word' id='word_1_282' title='bbox 1283 3752 1319 3804; x_wconf 92' lang='grc'>22</span> <span class='ocrx_word' id='word_1_283' title='bbox 1328 3749 1402 3816; x_wconf 81' lang='lat' dir='ltr'>(bis).</span> <span class='ocrx_word' id='word_1_284' title='bbox 1430 3751 1473 3804; x_wconf 91' lang='grc'>24.</span> 
     </span>
     <span class='ocr_line' id='line_1_32' title="bbox 240 3838 1474 3907; baseline -0.001 -15"><span class='ocrx_word' id='word_1_285' title='bbox 240 3839 284 3892; x_wconf 91' lang='grc'>25.</span> <span class='ocrx_word' id='word_1_286' title='bbox 322 3838 404 3893; x_wconf 89' lang='lat' dir='ltr'>Isocr.</span> <span class='ocrx_word' id='word_1_287' title='bbox 427 3840 449 3892; x_wconf 92' lang='grc'>1.</span> <span class='ocrx_word' id='word_1_288' title='bbox 486 3838 555 3892; x_wconf 87' lang='lat' dir='ltr'>Isae.</span> <span class='ocrx_word' id='word_1_289' title='bbox 576 3840 599 3891; x_wconf 96' lang='grc'>1.</span> <span class='ocrx_word' id='word_1_290' title='bbox 637 3838 671 3893; x_wconf 87' lang='lat' dir='ltr'>de</span> <span class='ocrx_word' id='word_1_291' title='bbox 689 3839 774 3895; x_wconf 80' lang='lat' dir='ltr'>Thus.</span> <span class='ocrx_word' id='word_1_292' title='bbox 794 3839 870 3894; x_wconf 87' lang='lat' dir='ltr'>char.</span> <span class='ocrx_word' id='word_1_293' title='bbox 889 3840 915 3893; x_wconf 92' lang='lat'>3.</span> <span class='ocrx_word' id='word_1_294' title='bbox 958 3839 992 3894; x_wconf 85' lang='lat' dir='ltr'>de</span> <span class='ocrx_word' id='word_1_295' title='bbox 1011 3840 1084 3894; x_wconf 89' lang='lat' dir='ltr'><strong>adm.</strong></span> <span class='ocrx_word' id='word_1_296' title='bbox 1103 3839 1131 3894; x_wconf 89' lang='lat' dir='ltr'>vi</span> <span class='ocrx_word' id='word_1_297' title='bbox 1150 3840 1202 3894; x_wconf 89' lang='lat' dir='ltr'><strong>dic.</strong></span> <span class='ocrx_word' id='word_1_298' title='bbox 1221 3840 1251 3893; x_wconf 91' lang='lat' dir='ltr'>in</span> <span class='ocrx_word' id='word_1_299' title='bbox 1271 3840 1347 3894; x_wconf 92' lang='lat' dir='ltr'><strong>Dem.</strong></span> <span class='ocrx_word' id='word_1_300' title='bbox 1366 3840 1383 3892; x_wconf 91' lang='grc'><strong>3</strong></span> <span class='ocrx_word' id='word_1_301' title='bbox 1403 3839 1474 3907; x_wconf 87' lang='lat' dir='ltr'>(bis).</span> 
     </span>
     <span class='ocr_line' id='line_1_33' title="bbox 241 3928 408 3985; baseline 0.012 -3"><span class='ocrx_word' id='word_1_302' title='bbox 241 3928 281 3985; x_wconf 87' lang='grc'>13.</span> <span class='ocrx_word' id='word_1_303' title='bbox 300 3928 345 3982; x_wconf 92' lang='grc'>47.</span> <span class='ocrx_word' id='word_1_304' title='bbox 363 3928 408 3984; x_wconf 87' lang='grc'>48.</span> 
     </span>
    </p>

    <p class='ocr_par' dir='ltr' id='par_1_12' title="bbox 238 4015 1473 4176">
     <span class='ocr_line' id='line_1_34' title="bbox 328 4015 1473 4085; baseline 0.001 -14"><span class='ocrx_word' id='word_1_305' title='bbox 328 4015 350 4083; x_wconf 78' lang='lat'>²)</span> <span class='ocrx_word' id='word_1_306' title='bbox 372 4017 455 4071; x_wconf 87' lang='lat' dir='ltr'>Arch.</span> <span class='ocrx_word' id='word_1_307' title='bbox 475 4016 496 4083; x_wconf 92' lang='grc' dir='ltr'>Ι,</span> <span class='ocrx_word' id='word_1_308' title='bbox 516 4016 541 4082; x_wconf 95' lang='grc'>7,</span> <span class='ocrx_word' id='word_1_309' title='bbox 560 4017 586 4070; x_wconf 89' lang='grc'>2.</span> <span class='ocrx_word' id='word_1_310' title='bbox 624 4018 666 4081; x_wconf 90' lang='grc'>11,</span> <span class='ocrx_word' id='word_1_311' title='bbox 685 4018 710 4069; x_wconf 90' lang='grc'>3.</span> <span class='ocrx_word' id='word_1_312' title='bbox 747 4018 837 4082; x_wconf 91' lang='grc'>43,1.</span> <span class='ocrx_word' id='word_1_313' title='bbox 875 4018 909 4081; x_wconf 88' lang='grc' dir='ltr'>ΙΙ,</span> <span class='ocrx_word' id='word_1_314' title='bbox 934 4018 977 4085; x_wconf 86' lang='grc'>43,</span> <span class='ocrx_word' id='word_1_315' title='bbox 996 4018 1021 4071; x_wconf 94' lang='grc'>2.</span> <span class='ocrx_word' id='word_1_316' title='bbox 1059 4017 1121 4083; x_wconf 91' lang='lat' dir='ltr'>VII,</span> <span class='ocrx_word' id='word_1_317' title='bbox 1147 4019 1190 4083; x_wconf 89' lang='grc'>59,</span> <span class='ocrx_word' id='word_1_318' title='bbox 1210 4018 1235 4071; x_wconf 93' lang='grc'>7.</span> <span class='ocrx_word' id='word_1_319' title='bbox 1254 4018 1279 4074; x_wconf 88' lang='lat'><strong>8.</strong></span> <span class='ocrx_word' id='word_1_320' title='bbox 1318 4017 1364 4081; x_wconf 87' lang='lat' dir='ltr'>IX,</span> <span class='ocrx_word' id='word_1_321' title='bbox 1384 4017 1427 4083; x_wconf 87' lang='grc'>59,</span> <span class='ocrx_word' id='word_1_322' title='bbox 1446 4017 1473 4072; x_wconf 90' lang='grc'>4.</span> 
     </span>
     <span class='ocr_line' id='line_1_35' title="bbox 238 4103 747 4176; baseline 0.006 -19"><span class='ocrx_word' id='word_1_323' title='bbox 238 4103 286 4169; x_wconf 85' lang='lat' dir='ltr'>XI,</span> <span class='ocrx_word' id='word_1_324' title='bbox 305 4105 348 4160; x_wconf 90' lang='grc'>23.</span> <span class='ocrx_word' id='word_1_325' title='bbox 386 4107 421 4161; x_wconf 89' lang='lat' dir='ltr'>de</span> <span class='ocrx_word' id='word_1_326' title='bbox 440 4124 529 4176; x_wconf 85' lang='lat' dir='ltr'><strong>comp.</strong></span> <span class='ocrx_word' id='word_1_327' title='bbox 548 4106 623 4160; x_wconf 90' lang='lat' dir='ltr'>verb.</span> <span class='ocrx_word' id='word_1_328' title='bbox 644 4107 685 4159; x_wconf 92' lang='grc'>17.</span> <span class='ocrx_word' id='word_1_329' title='bbox 704 4106 747 4160; x_wconf 90' lang='grc'>26.</span> 
     </span>
    </p>

    <p class='ocr_par' dir='ltr' id='par_1_13' title="bbox 235 4191 1478 4609">
     <span class='ocr_line' id='line_1_36' title="bbox 329 4191 1474 4263; baseline 0.003 -15"><span class='ocrx_word' id='word_1_330' title='bbox 329 4191 350 4261; x_wconf 83' lang='lat'>⁸)</span> <span class='ocrx_word' id='word_1_331' title='bbox 375 4195 458 4249; x_wconf 83' lang='lat' dir='ltr'>Arch.</span> <span class='ocrx_word' id='word_1_332' title='bbox 478 4195 499 4260; x_wconf 91' lang='grc'>1,</span> <span class='ocrx_word' id='word_1_333' title='bbox 519 4196 561 4260; x_wconf 88' lang='lat'>31,</span> <span class='ocrx_word' id='word_1_334' title='bbox 581 4196 606 4250; x_wconf 88' lang='lat'><strong>3.</strong></span> <span class='ocrx_word' id='word_1_335' title='bbox 645 4194 686 4260; x_wconf 89' lang='grc'>74,</span> <span class='ocrx_word' id='word_1_336' title='bbox 705 4197 730 4248; x_wconf 90' lang='grc'>2.</span> <span class='ocrx_word' id='word_1_337' title='bbox 770 4196 812 4259; x_wconf 90' lang='grc'>73,</span> <span class='ocrx_word' id='word_1_338' title='bbox 832 4196 857 4250; x_wconf 92' lang='lat'>8.</span> <span class='ocrx_word' id='word_1_339' title='bbox 894 4195 943 4261; x_wconf 91' lang='lat' dir='ltr'>Ill,</span> <span class='ocrx_word' id='word_1_340' title='bbox 962 4196 988 4259; x_wconf 88' lang='grc'>6,</span> <span class='ocrx_word' id='word_1_341' title='bbox 1006 4196 1032 4250; x_wconf 91' lang='grc'>3.</span> <span class='ocrx_word' id='word_1_342' title='bbox 1070 4196 1112 4261; x_wconf 88' lang='grc'>20,</span> <span class='ocrx_word' id='word_1_343' title='bbox 1132 4197 1157 4249; x_wconf 90' lang='grc'>2.</span> <span class='ocrx_word' id='word_1_344' title='bbox 1186 4196 1229 4260; x_wconf 88' lang='grc'>22,</span> <span class='ocrx_word' id='word_1_345' title='bbox 1249 4196 1274 4250; x_wconf 93' lang='grc'>8.</span> <span class='ocrx_word' id='word_1_346' title='bbox 1304 4196 1346 4261; x_wconf 90' lang='grc'>72,</span> <span class='ocrx_word' id='word_1_347' title='bbox 1366 4196 1391 4250; x_wconf 91' lang='grc'>4.</span> <span class='ocrx_word' id='word_1_348' title='bbox 1425 4197 1474 4263; x_wconf 90' lang='lat' dir='ltr'>IV,</span> 
     </span>
     <span class='ocr_line' id='line_1_37' title="bbox 236 4280 1474 4352; baseline 0.003 -17"><span class='ocrx_word' id='word_1_349' title='bbox 236 4280 326 4343; x_wconf 81' lang='lat'><strong>51.1.</strong></span> <span class='ocrx_word' id='word_1_350' title='bbox 364 4282 452 4347; x_wconf 90' lang='grc'>63,1.</span> <span class='ocrx_word' id='word_1_351' title='bbox 492 4285 533 4350; x_wconf 90' lang='grc'>73,</span> <span class='ocrx_word' id='word_1_352' title='bbox 552 4284 578 4339; x_wconf 97' lang='lat'>4.</span> <span class='ocrx_word' id='word_1_353' title='bbox 616 4285 649 4349; x_wconf 90' lang='lat' dir='ltr'>V,</span> <span class='ocrx_word' id='word_1_354' title='bbox 669 4285 712 4346; x_wconf 90' lang='grc'>24,</span> <span class='ocrx_word' id='word_1_355' title='bbox 731 4284 757 4338; x_wconf 96' lang='grc'>2.</span> <span class='ocrx_word' id='word_1_356' title='bbox 794 4285 949 4351; x_wconf 71' lang='grc'>71,26,1.</span> <span class='ocrx_word' id='word_1_357' title='bbox 987 4285 1031 4349; x_wconf 90' lang='grc'>40,</span> <span class='ocrx_word' id='word_1_358' title='bbox 1050 4286 1075 4339; x_wconf 91' lang='grc'>3.</span> <span class='ocrx_word' id='word_1_359' title='bbox 1114 4285 1156 4349; x_wconf 91' lang='grc'>74,</span> <span class='ocrx_word' id='word_1_360' title='bbox 1175 4286 1201 4339; x_wconf 91' lang='grc'>4.</span> <span class='ocrx_word' id='word_1_361' title='bbox 1240 4285 1283 4350; x_wconf 89' lang='grc'>35,</span> <span class='ocrx_word' id='word_1_362' title='bbox 1303 4290 1327 4339; x_wconf 89' lang='grc'>3.</span> <span class='ocrx_word' id='word_1_363' title='bbox 1365 4284 1428 4352; x_wconf 89' lang='lat' dir='ltr'>VII,</span> <span class='ocrx_word' id='word_1_364' title='bbox 1448 4288 1474 4351; x_wconf 88' lang='lat'>1,</span> 
     </span>
     <span class='ocr_line' id='line_1_38' title="bbox 238 4369 1475 4440; baseline 0.006 -17"><span class='ocrx_word' id='word_1_365' title='bbox 238 4369 262 4423; x_wconf 93' lang='grc'>6.</span> <span class='ocrx_word' id='word_1_366' title='bbox 301 4370 343 4433; x_wconf 93' lang='grc'>73,</span> <span class='ocrx_word' id='word_1_367' title='bbox 363 4371 388 4423; x_wconf 91' lang='grc'>2.</span> <span class='ocrx_word' id='word_1_368' title='bbox 425 4371 501 4437; x_wconf 91' lang='lat' dir='ltr'>Vlll,</span> <span class='ocrx_word' id='word_1_369' title='bbox 521 4374 546 4439; x_wconf 95' lang='grc'>6,</span> <span class='ocrx_word' id='word_1_370' title='bbox 565 4373 590 4427; x_wconf 88' lang='grc'>3.</span> <span class='ocrx_word' id='word_1_371' title='bbox 628 4374 670 4438; x_wconf 91' lang='grc'>24,</span> <span class='ocrx_word' id='word_1_372' title='bbox 689 4374 715 4428; x_wconf 92' lang='grc'>3.</span> <span class='ocrx_word' id='word_1_373' title='bbox 753 4374 841 4439; x_wconf 90' lang='grc'>63,1.</span> <span class='ocrx_word' id='word_1_374' title='bbox 879 4374 923 4439; x_wconf 89' lang='grc'>63,</span> <span class='ocrx_word' id='word_1_375' title='bbox 942 4375 966 4428; x_wconf 92' lang='grc'>3.</span> <span class='ocrx_word' id='word_1_376' title='bbox 1009 4374 1056 4439; x_wconf 89' lang='grc' dir='ltr'>ΙΧ,</span> <span class='ocrx_word' id='word_1_377' title='bbox 1075 4377 1102 4440; x_wconf 91' lang='grc'>5,</span> <span class='ocrx_word' id='word_1_378' title='bbox 1121 4375 1146 4428; x_wconf 91' lang='grc'>4.</span> <span class='ocrx_word' id='word_1_379' title='bbox 1185 4375 1228 4438; x_wconf 88' lang='grc'>69,</span> <span class='ocrx_word' id='word_1_380' title='bbox 1247 4375 1272 4428; x_wconf 89' lang='grc'>3.</span> <span class='ocrx_word' id='word_1_381' title='bbox 1314 4374 1348 4439; x_wconf 92' lang='grc' dir='ltr'>Χ,</span> <span class='ocrx_word' id='word_1_382' title='bbox 1368 4375 1411 4429; x_wconf 89' lang='lat'>38.</span> <span class='ocrx_word' id='word_1_383' title='bbox 1430 4375 1475 4431; x_wconf 89' lang='grc'>66.</span> 
     </span>
     <span class='ocr_line' id='line_1_39' title="bbox 235 4459 1478 4534; baseline 0.004 -21"><span class='ocrx_word' id='word_1_384' title='bbox 235 4459 283 4524; x_wconf 80' lang='lat' dir='ltr'>XI,</span> <span class='ocrx_word' id='word_1_385' title='bbox 304 4462 328 4514; x_wconf 92' lang='lat'>1.</span> <span class='ocrx_word' id='word_1_386' title='bbox 366 4460 439 4524; x_wconf 90' lang='grc' dir='ltr'>ΧΙΧ,</span> <span class='ocrx_word' id='word_1_387' title='bbox 465 4462 506 4515; x_wconf 91' lang='grc'>17.</span> <span class='ocrx_word' id='word_1_388' title='bbox 544 4462 602 4527; x_wconf 89' lang='grc' dir='ltr'>ΧΧ,</span> <span class='ocrx_word' id='word_1_389' title='bbox 629 4464 670 4517; x_wconf 90' lang='grc'>13.</span> <span class='ocrx_word' id='word_1_390' title='bbox 709 4464 742 4519; x_wconf 88' lang='lat' dir='ltr'>de</span> <span class='ocrx_word' id='word_1_391' title='bbox 767 4480 854 4533; x_wconf 87' lang='lat' dir='ltr'><strong>comp.</strong></span> <span class='ocrx_word' id='word_1_392' title='bbox 880 4464 953 4518; x_wconf 89' lang='lat' dir='ltr'>verb.</span> <span class='ocrx_word' id='word_1_393' title='bbox 979 4464 1023 4517; x_wconf 90' lang='grc'>20.</span> <span class='ocrx_word' id='word_1_394' title='bbox 1042 4465 1084 4517; x_wconf 88' lang='grc'>22.</span> <span class='ocrx_word' id='word_1_395' title='bbox 1122 4464 1185 4534; x_wconf 85' lang='lat' dir='ltr'><strong>Lys.</strong></span> <span class='ocrx_word' id='word_1_396' title='bbox 1211 4465 1234 4517; x_wconf 94' lang='lat'>1.</span> <span class='ocrx_word' id='word_1_397' title='bbox 1272 4463 1354 4518; x_wconf 83' lang='lat' dir='ltr'>Isocr.</span> <span class='ocrx_word' id='word_1_398' title='bbox 1380 4466 1403 4517; x_wconf 90' lang='lat' dir='ltr'><strong>i.</strong></span> <span class='ocrx_word' id='word_1_399' title='bbox 1441 4463 1478 4518; x_wconf 82' lang='lat' dir='ltr'>ds</span> 
     </span>
     <span class='ocr_line' id='line_1_40' title="bbox 238 4549 1030 4609; baseline 0.003 -5"><span class='ocrx_word' id='word_1_400' title='bbox 238 4549 324 4604; x_wconf 81' lang='lat' dir='ltr'><strong>Thuc.</strong></span> <span class='ocrx_word' id='word_1_401' title='bbox 343 4549 420 4605; x_wconf 87' lang='lat' dir='ltr'>char.</span> <span class='ocrx_word' id='word_1_402' title='bbox 438 4550 482 4604; x_wconf 90' lang='grc'>43.</span> <span class='ocrx_word' id='word_1_403' title='bbox 520 4550 553 4605; x_wconf 89' lang='lat' dir='ltr'>de</span> <span class='ocrx_word' id='word_1_404' title='bbox 572 4552 645 4606; x_wconf 82' lang='lat' dir='ltr'>adun.</span> <span class='ocrx_word' id='word_1_405' title='bbox 665 4553 694 4606; x_wconf 92' lang='lat' dir='ltr'>vi</span> <span class='ocrx_word' id='word_1_406' title='bbox 714 4552 824 4609; x_wconf 83' lang='lat' dir='ltr'>dicendi</span> <span class='ocrx_word' id='word_1_407' title='bbox 842 4553 873 4606; x_wconf 88' lang='lat' dir='ltr'>in</span> <span class='ocrx_word' id='word_1_408' title='bbox 890 4553 967 4607; x_wconf 92' lang='lat' dir='ltr'><strong>Dem.</strong></span> <span class='ocrx_word' id='word_1_409' title='bbox 987 4553 1030 4606; x_wconf 90' lang='grc'>43.</span> 
     </span>
    </p>

    <p class='ocr_par' dir='ltr' id='par_1_14' title="bbox 328 4637 1084 4711">
     <span class='ocr_line' id='line_1_41' title="bbox 328 4637 1084 4711; baseline 0.007 -19"><span class='ocrx_word' id='word_1_410' title='bbox 328 4637 351 4707; x_wconf 69' lang='grc' dir='ltr'>ι)</span> <span class='ocrx_word' id='word_1_411' title='bbox 377 4639 462 4693; x_wconf 81' lang='lat' dir='ltr'>Arcb.</span> <span class='ocrx_word' id='word_1_412' title='bbox 482 4639 516 4705; x_wconf 92' lang='grc' dir='ltr'>ΙΙ,</span> <span class='ocrx_word' id='word_1_413' title='bbox 537 4640 580 4705; x_wconf 90' lang='grc'>37,</span> <span class='ocrx_word' id='word_1_414' title='bbox 599 4641 624 4695; x_wconf 90' lang='grc'>4.</span> <span class='ocrx_word' id='word_1_415' title='bbox 663 4641 751 4711; x_wconf 82' lang='lat' dir='ltr'>Epist.</span> <span class='ocrx_word' id='word_1_416' title='bbox 771 4642 808 4696; x_wconf 88' lang='lat' dir='ltr'>ad</span> <span class='ocrx_word' id='word_1_417' title='bbox 825 4642 920 4711; x_wconf 91' lang='lat' dir='ltr'><strong>Pomp.</strong></span> <span class='ocrx_word' id='word_1_418' title='bbox 940 4642 957 4695; x_wconf 90' lang='lat'><strong>3</strong></span> <span class='ocrx_word' id='word_1_419' title='bbox 975 4659 1003 4711; x_wconf 87' lang='lat' dir='ltr'>p.</span> <span class='ocrx_word' id='word_1_420' title='bbox 1024 4642 1084 4697; x_wconf 92' lang='grc'>772.</span> 
     </span>
    </p>

    <p class='ocr_par' dir='ltr' id='par_1_15' title="bbox 327 4727 775 4799">
     <span class='ocr_line' id='line_1_42' title="bbox 327 4727 775 4799; baseline 0.007 -16"><span class='ocrx_word' id='word_1_421' title='bbox 327 4727 349 4797; x_wconf 75' lang='lat'>⁸)</span> <span class='ocrx_word' id='word_1_422' title='bbox 375 4730 409 4783; x_wconf 85' lang='lat' dir='ltr'>de</span> <span class='ocrx_word' id='word_1_423' title='bbox 428 4728 515 4784; x_wconf 79' lang='lat' dir='ltr'><strong>Thuc.</strong></span> <span class='ocrx_word' id='word_1_424' title='bbox 536 4729 611 4783; x_wconf 88' lang='lat' dir='ltr'>char.</span> <span class='ocrx_word' id='word_1_425' title='bbox 630 4731 647 4783; x_wconf 90' lang='lat'><strong>3</strong></span> <span class='ocrx_word' id='word_1_426' title='bbox 666 4749 693 4799; x_wconf 84' lang='lat' dir='ltr'>p.</span> <span class='ocrx_word' id='word_1_427' title='bbox 713 4732 775 4786; x_wconf 86' lang='grc'>315.</span> 
     </span>
    </p>
   </div>
   <div class='ocr_carea' id='block_1_5' title="bbox 0 0 1782 5370">
    <p class='ocr_par' dir='ltr' id='par_1_16' title="bbox 0 0 1782 5370">
     <span class='ocr_line' id='line_1_43' title="bbox 0 0 1782 5370; baseline 0 0"><span class='ocrx_word' id='word_1_428' title='bbox 0 0 1782 5370; x_wconf 95' lang='lat' dir='ltr'> </span> 
     </span>
    </p>
   </div>
  </div>
 </body>
</html>
