3552 5370
310 1736 438 1854 Dualis
469 1805 621 1852 numerus
653 1783 687 1849 in
720 1784 768 1851 eis
803 1803 888 1868 quae
919 1802 1004 1849 nunc
1036 1784 1070 1848 in
1098 1782 1261 1849 hominum
1288 1803 1350 1850 usu
1380 1790 1455 1851 sunt

220 1893 342 1979 linguis
369 1892 551 1978 Europaeis
578 1891 741 1976 omnibus,
770 1890 798 1957 si
827 1889 977 1956 Slavicas
1005 1888 1166 1974 quasdam
1189 1889 1360 1976 exceperis
1384 1888 1454 1956 clia·

220 2001 337 2085 lectos,
367 1999 596 2065 intermortuus
625 2004 683 2065 est
732 1996 900 2064 Prioribus
927 2002 1037 2063 autem
1063 1995 1229 2064 aetatibus
1256 1996 1353 2080 longe
1377 2016 1452 2063 eum

221 2108 353 2191 lateque
382 2105 529 2189 viguisse
557 2124 629 2172 cum
657 2123 698 2170 ex
726 2103 802 2171 aliis
829 2109 897 2169 tum
925 2123 943 2170 e
967 2102 1095 2170 Graeca
1118 2103 1232 2187 lingua
1256 2109 1454 2189 compertum

219 2214 388 2280 habemus.
426 2209 489 2290 Qui
511 2231 663 2278 numerus
687 2231 758 2277 cum
777 2216 926 2277 anostra
941 2208 1104 2276 sentiendi
1118 2208 1313 2294 dicendique
1327 2209 1454 2276 ratione

220 2319 335 2407 procul
363 2319 460 2404 absit,
486 2319 575 2385 viros
603 2316 717 2385 doctos
746 2317 915 2403 excitarit,
948 2322 996 2402 ut,
1029 2316 1102 2401 quis
1129 2315 1226 2384 fuerit
1253 2316 1323 2383 eius
1354 2323 1454 2402 ortus,

221 2427 294 2512 quis
316 2446 405 2512 usus,
428 2431 631 2511 quaererent

311 2534 360 2600 Ac
382 2533 506 2620 primus
529 2530 661 2618 quidem
684 2531 740 2616 qui
762 2537 872 2598 nostro
896 2530 1028 2598 saeculo
1053 2529 1095 2598 de
1119 2529 1210 2597 duali
1232 2549 1364 2596 numero
1389 2529 1455 2598 dis·

220 2641 349 2728 putavit
363 2639 581 2707 Guilelmus
602 2638 648 2707 de
666 2636 879 2705 Humboldt
902 2637 950 2721 (in
965 2634 1247 2721 ›Abhandiungen
1263 2635 1322 2703 der
1334 2635 1455 2704 Berlin

220 2745 328 2813 Akad.
353 2748 438 2815 1821
468 2767 499 2833 p.
525 2746 700 2814 161-181
730 2744 849 2831 ,Ueber
875 2742 939 2811 den
961 2742 1141 2830 Dualis‘‹)‚
1170 2763 1255 2828 quae
1279 2743 1322 2810 sit
1346 2742 1455 2811 dualis

220 2852 271 2919 vis
294 2852 448 2936 notioque
472 2852 652 2936 quibusque
675 2852 709 2917 in
732 2849 852 2935 linguis
874 2849 1014 2934 vestigia
1029 2850 1100 2917 eius
1114 2849 1269 2935 existant,
1294 2849 1452 2936 exposuit

219 2958 259 3025 In
289 2958 354 3025 tine
385 2964 495 3026 autem
531 2957 812 3025 commentationis
847 2977 920 3024 cum
957 2957 1105 3043 exemplo
1139 2955 1247 3024 riualis
1279 2956 1453 3042 Homerici,

221 3071 344 3151 quanta
369 3064 412 3133 sit
433 3064 529 3133 huius
552 3065 677 3132 numeri
700 3063 745 3131 ad
768 3062 954 3149 augendam
969 3061 1261 3148 illustrandamque
1275 3063 1455 3131 orationem

219 3173 270 3240 vis
294 3171 560 3259 demonstrasset,
582 3173 655 3260 ipse
679 3192 716 3239 se
738 3189 824 3257 quae
838 3170 909 3238 eius
923 3169 993 3236 iata
1007 3170 1041 3236 in
1055 3169 1183 3237 Graeca
1196 3170 1310 3254 lingua
1324 3169 1454 3254 fuerim,

221 3279 386 3364 posterius
425 3279 659 3366 explicaturum
697 3298 770 3345 esse
801 3276 1032 3365 pronuntiavit.
1087 3276 1252 3344 Promisso
1284 3277 1454 3361 quominus

220 3390 326 3452 steret
350 3405 423 3451 cum
446 3392 479 3452 et
502 3386 578 3453 aliis
601 3384 719 3453 studiis
743 3391 775 3452 et
798 3390 900 3451 morte
923 3382 1151 3470 impediretur,
1179 3382 1238 3449 alii
1261 3403 1359 3468 quam
1381 3383 1454 3469 ipse

219 3490 407 3558 instituerat
438 3493 662 3576 quaestionem
689 3491 793 3559 fusius
820 3497 1049 3559 tractaverunt
1105 3491 1153 3557 Ac
1184 3488 1288 3576 primo
1322 3487 1454 3575 quidem

219 3598 318 3685 pauci
341 3617 414 3664 eum
441 3598 544 3664 secuti
572 3604 661 3683 sunt,
687 3604 724 3664 ut
751 3597 789 3664 0.
810 3598 1011 3681 Blackert,
1040 3596 1096 3682 qui
1122 3596 1312 3683 praeclaras
1340 3595 1393 3683 ,de
1419 3596 1454 3663 vi

219 3724 346 3789 usuque
383 3702 490 3770 dualis
526 3704 651 3771 numeri
688 3703 775 3791 apud
808 3704 963 3771 Graecos‘
1001 3704 1289 3791 commentationes
1321 3702 1453 3789 scripsit

220 3811 471 3895 (1111111811.
503 3810 658 3895 Marburg
683 3812 782 3894 1838)
811 3817 844 3879 et
870 3810 1038 3897 uanior,
1067 3810 1123 3896 qui
1150 3810 1203 3897 ,de
1226 3809 1378 3877 vocabuli
1401 3811 1454 3875 ooo

219 3937 282 3987 usu
308 3918 481 3986 Homerico
508 3915 739 4002 Hesiodeoque
768 3925 801 3986 et
823 3917 942 3985 Attico‘
975 3915 1200 4005 (Konigsberg
1225 3919 1321 3986 1834.
1353 3916 1452 3997 18411)

219 4032 372 4093 accurate
405 4024 570 4093 disseruit.
623 4018 737 4109 Longo
771 4023 900 4091 demum
935 4024 1121 4093 intermisso
1158 4022 1298 4110 spatio¹)
1334 4041 1454 4090 novam

218 4129 326 4196 lucem
348 4131 424 4199 hnic
447 4131 631 4217 quaestioni
654 4130 764 4197 attulit
785 4130 823 4198 Α.
837 4130 977 4198 Bieber
1001 4131 1273 4198 commentatione
1293 4129 1346 4216 ‚de
1361 4127 1453 4195 duali

219 4255 351 4303 numero
366 4237 455 4323 apud
470 4239 592 4325 epicos,
612 4237 743 4324 lyricos,
760 4236 897 4304 4111111ι
913 4236 1030 4321 (lenae
1046 4237 1146 4318 1864)
1163 4236 1263 4304 edita
1289 4235 1451 4303 Proximis

218 4341 287 4409 fere
309 4343 361 4410 his
383 4344 500 4429 viginti
523 4346 618 4412 annis
642 4344 749 4412 dualis
772 4363 866 4411 usum
888 4343 1046 4430 imprimis
1065 4341 1154 4429 apud
1168 4344 1295 4411 Atticos
1310 4343 1452 4411 illustra·

312 4538 333 4606 ¹)
357 4539 401 4594 Fr.
421 4539 539 4596 Mueller
557 4540 719 4612 (Sitagsber.
737 4541 763 4596 d.
781 4540 896 4597 Wiener
915 4538 1007 4595 Akari.
1027 4538 1098 4594 1860
1120 4538 1174 4593 vol.
1193 4538 1229 4595 85
1247 4556 1274 4609 p.
1292 4538 1400 4594 61-61
1423 4542 1453 4595 11

220 4628 292 4684 1870
309 4628 363 4684 vol.
380 4629 415 4684 ts
432 4646 460 4699 p.
476 4628 631 4697 tto-460)
649 4630 683 4687 de
702 4629 812 4701 origiue
829 4628 981 4685 formurum
999 4626 1125 4683 duellum
1142 4626 1281 4697 imprimis
1299 4627 1330 4682 in
1346 4627 1453 4698 linguis

217 4719 351 4775 cominius
368 4717 504 4774 disseruit

1270 4806 1286 4859 1
