3552 5370
308 1765 435 1884 Dualis
467 1835 619 1883 numerus
650 1815 684 1880 in
718 1815 766 1882 eis
800 1835 886 1899 quae
917 1834 1002 1880 nunc
1033 1816 1067 1880 in
1095 1814 1259 1882 bominum
1286 1836 1348 1885 usu
1377 1825 1452 1885 sunt

217 1923 340 2009 linguis
367 1923 548 2008 Europaeis
576 1922 738 2006 omnibus,
768 1921 796 1989 si
824 1922 974 1987 slavicae
1002 1921 1163 2005 quasdam
1187 1923 1358 2009 exceperis
1381 1923 1451 1989 dia-

217 2031 335 2116 lectos,
364 2030 593 2095 intermortuus
622 2034 681 2096 est
729 2028 897 2095 Prioribus
924 2035 1035 2095 autem
1061 2028 1227 2097 aetatibus
1253 2029 1352 2114 longe
1374 2049 1449 2096 eum

217 2138 350 2221 lateque
379 2135 526 2221 viguisse
554 2155 627 2203 oum
654 2154 695 2201 ex
723 2134 799 2201 aliis
826 2141 895 2201 tum
922 2155 941 2202 e
964 2134 1093 2203 Graeca
1116 2135 1230 2220 lingua
1253 2143 1453 2222 compertum

217 2244 385 2311 habemus.
423 2241 486 2321 Qui
509 2262 660 2310 numerus
684 2262 755 2309 cum
774 2247 924 2308 anostra
939 2240 1101 2310 sentiendi
1115 2241 1310 2326 dicendique
1324 2243 1452 2310 ratione

217 2349 333 2437 procul
361 2349 457 2435 absit,
483 2350 573 2416 riros
601 2347 715 2417 doctos
743 2348 912 2434 excitavit,
945 2355 993 2435 ut,
1026 2349 1099 2433 quis
1126 2348 1223 2416 fuerit
1250 2349 1321 2416 eius
1351 2356 1452 2436 ortus,

218 2457 291 2541 quis
314 2477 402 2542 usus,
425 2462 627 2541 quaererent
1489 2534 1492 2538 Α

308 2563 357 2630 Ac
379 2563 502 2650 primus
526 2562 657 2648 quidem
681 2562 737 2647 qui
760 2568 869 2629 nostro
894 2563 1026 2630 saeculo
1050 2562 1093 2630 de
1116 2561 1207 2629 duali
1229 2583 1361 2630 numero
1386 2563 1451 2633 dis-

217 2671 346 2758 putavit
360 2670 578 2738 Guilelmus
600 2669 646 2736 de
663 2667 876 2736 Humboldt
899 2669 947 2752 (in
962 2669 1245 2754 ›nomnfflungen
1260 2668 1319 2737 der
1331 2670 1452 2739 Berlin

216 2775 325 2842 Alsad.
350 2779 435 2845 1821
464 2798 496 2863 p.
521 2778 697 2845 161-181
726 2776 846 2860 ,Ueber
872 2774 937 2842 den
958 2774 1138 2863 Dualis‘s),
1167 2776 1319 2860 quaesit
1343 2775 1452 2845 dualis

216 2882 268 2949 vis
291 2882 445 2966 notioque
468 2882 649 2966 quibusque
672 2882 706 2947 in
729 2881 849 2966 linguis
870 2880 1012 2966 vestigia
1026 2882 1097 2950 eius
1112 2883 1266 2968 existant,
1291 2883 1450 2969 exposuit.

216 2988 255 3054 In
285 2987 351 3054 fine
381 2995 491 3055 autem
528 2987 808 3056 commentationis
843 3008 917 3054 oum
954 2990 1102 3076 exemplo
1136 2989 1244 3056 dualis
1276 2990 1450 3077 Homerici,

217 3101 342 3181 quanta
365 3094 408 3162 sit
429 3094 526 3162 huius
549 3095 674 3163 numeri
698 3095 742 3161 ad
765 3094 950 3180 augendam
965 3095 1258 3180 illustrandamque
1272 3097 1450 3166 orationem

215 3203 267 3270 ris
290 3201 556 3288 demonstrasset,
579 3203 652 3289 ipsc
675 3222 713 3270 se
735 3222 820 3287 quae
835 3202 905 3270 eius
920 3201 1038 3269 fatain
1052 3202 1180 3269 Graeca
1193 3203 1307 3288 lingua
1320 3203 1451 3288 fuerint,

217 3309 383 3394 posterius
421 3309 656 3395 explicaturum
693 3329 767 3376 esse
798 3309 1028 3395 pronuntiavit.
1083 3309 1248 3377 Promisso
1281 3311 1451 3394 quominus

216 3420 323 3482 staret
347 3435 419 3482 eum
442 3423 475 3482 et
498 3415 575 3483 aliis
598 3415 715 3483 studiis
739 3423 772 3483 et
794 3422 897 3482 morte
919 3414 1148 3503 impediretur,
1176 3416 1235 3484 alii
1258 3437 1356 3502 quam
1378 3416 1450 3503 ipse

216 3521 402 3589 instituerat
434 3523 658 3606 quaestionem
686 3521 790 3589 fusius
816 3528 1045 3591 tractaverunt
1101 3524 1149 3590 Ae
1180 3523 1284 3609 primo
1318 3521 1450 3608 quidem

215 3628 315 3715 pauci
337 3646 410 3695 eum
437 3630 540 3696 secuti
568 3635 657 3714 sunt,
684 3635 720 3696 nt
747 3628 785 3695 8.
807 3630 1007 3715 Blaclxert,
1036 3630 1091 3714 qui
1118 3629 1308 3716 praeclaras
1336 3629 1390 3716 ,de
1416 3630 1450 3698 ri

215 3754 342 3819 usuque
379 3734 485 3801 dualis
522 3736 647 3803 numeri
684 3735 772 3823 apud
804 3735 958 3804 Graecos‘
997 3736 1284 3827 commentationes
1317 3737 1449 3825 scripsit

216 3840 466 3924 (0111111881.
499 3841 778 3926 Marbur31838)
807 3850 840 3909 ct
866 3842 1034 3929 Zander‚
1063 3844 1118 3928 qui
1146 3841 1200 3929 ,de
1221 3844 1374 3912 vocabuli
1397 3847 1450 3911 eto

215 3968 276 4016 usu
304 3949 476 4015 Homerico
504 3947 736 4033 Hesiodeoque
764 3956 797 4016 et
819 3949 938 4016 Attico‘
971 3947 1195 4037 (Konigsberg
1220 3952 1317 4019 1834.
1349 3951 1448 4031 1845)

215 4062 368 4121 accurate
400 4055 565 4124 disseruit.
619 4050 733 4140 Longo
766 4054 896 4123 demum
932 4057 1116 4125 intermisso
1154 4056 1294 4144 spatio¹l
1330 4075 1449 4123 novam

214 4159 321 4227 lucem
344 4160 420 4229 huic
443 4161 628 4247 quaestioni
650 4161 760 4228 attulit
781 4162 819 4229 A.
832 4162 974 4230 Biebcr
997 4164 1269 4231 commentatione
1288 4161 1342 4249 ‚de
1357 4161 1448 4229 duab

213 4286 346 4333 numero
361 4268 450 4354 apud
465 4269 588 4356 epicos,
608 4269 738 4355 lyricos,
756 4269 893 4337 Atticos‘
909 4269 1025 4355 (lenae
1042 4271 1142 4351 1864)
1159 4268 1258 4337 edita
1285 4269 1447 4336 Proximis

214 4372 282 4439 fere
304 4373 356 4440 bis
378 4375 495 4459 viginti
518 4376 613 4444 annis
638 4375 745 4443 dualis
768 4396 861 4443 usum
884 4376 1042 4462 imprimis
1061 4375 1150 4463 apud
1164 4376 1290 4444 Atticos
1306 4377 1447 4444 illustra·

307 4568 328 4636 ¹)
352 4570 396 4625 or.
417 4570 534 4627 Mueller
552 4572 714 4643 (Sitagsber.
732 4572 758 4627 d.
777 4572 892 4629 Wiener
910 4571 1003 4628 Alsad.
1023 4572 1094 4627 1861)
1115 4572 1170 4628 roL
1188 4572 1225 4629 85
1243 4591 1270 4644 p.
1288 4572 1395 4628 51-67
1418 4575 1447 4627 et

215 4658 358 4733 1810101.
375 4659 410 4714 le
427 4677 455 4729 p.
471 4659 626 4729 449-460)
645 4661 679 4717 de
697 4661 807 4733 origine
825 4661 977 4718 formarum
995 4660 1120 4717 duelium
1138 4660 1276 4732 imprimis
1294 4661 1325 4717 in
1342 4660 1447 4732 linguis

212 4749 346 4805 aemiliois
363 4748 499 4805 dissemit

1266 4840 1282 4895 1
