3552 5370
862 489 1031 583 ΔΞ,

444 679 481 744 In
504 679 633 745 Flavii
657 679 818 765 Iosephi
846 680 887 746 de
916 681 1000 747 bello
1023 681 1157 748 Iudaico
1181 681 1272 748 libris
1295 681 1403 748 dualis
1426 702 1491 747 non
1514 689 1581 748 tam

355 785 420 852 late
440 794 530 871 patet
548 807 644 871 quam
663 787 697 853 in
716 787 956 872 archaeologia.
990 788 1074 856 Nam
1089 790 1121 854 in
1136 789 1239 854 altero
1263 788 1344 854 libro
1368 790 1402 854 in
1425 813 1455 853 -ε
1470 796 1504 855 et
1519 813 1581 881 forr
1607 823 1612 831 ·

354 893 484 979 formas,
508 894 540 959 in
564 894 667 961 altero
692 894 790 960 etiam
813 895 847 961 in
861 919 925 962 -αιν
941 904 973 961 et
987 921 1028 960 -c
1052 904 1084 962 et
1107 896 1198 962 verbi
1222 895 1352 961 dualem
1367 895 1578 982 deprehendi·

354 1020 434 1069 mus.
481 1001 523 1068 Ut
547 1002 645 1086 igitur
668 1001 700 1066 in
715 1001 862 1069 Platonis
886 1003 1016 1089 seriptis
1040 1002 1149 1069 dualis
1172 1003 1331 1089 paulatim
1355 1004 1581 1071 evanescentis

354 1108 516 1193 specimen
546 1109 701 1175 habemus
735 1108 787 1193 (cl.
811 1111 947 1195 Roeper,
980 1110 1021 1176 de
1050 1109 1157 1177 dualis
1184 1131 1246 1176 usu
1274 1111 1443 1177 Platonico
1476 1132 1507 1196 p.
1532 1112 1580 1194 2),

353 1216 401 1279 ita
428 1215 515 1301 apud
543 1215 716 1302 Iosephum
744 1216 977 1284 reviviscentis.
1025 1217 1108 1286 Nam
1137 1238 1208 1284 cum
1236 1217 1468 1303 archaeologr'a
1496 1239 1580 1284 com·

354 1322 497 1407 pluribus
525 1325 619 1390 annis
645 1332 721 1409 post
748 1324 847 1391 libros
876 1323 918 1391 de
946 1324 1032 1391 bello
1055 1323 1188 1391 ludaico
1221 1325 1400 1410 composita
1434 1326 1489 1410 sit,
1521 1325 1580 1391 illo

353 1429 425 1515 ipso
450 1438 594 1517 tempore
617 1432 723 1498 dualis
747 1453 839 1499 usum
864 1433 1022 1518 paulatim
1046 1432 1187 1499 crevisse
1211 1440 1358 1517 apparet.

442 1538 514 1606 Non
534 1538 630 1621 longe
644 1538 746 1606 distat
761 1540 960 1605 Plutarchi
983 1560 1070 1606 usus.
1087 1578 1092 1587 ·
1106 1540 1189 1607 Nam
1212 1560 1269 1624 pro
1284 1539 1432 1624 portione
1445 1538 1581 1605 totidem

354 1643 421 1710 sere
452 1644 573 1712 formas
606 1645 720 1713 duales
746 1647 889 1732 praebet,
922 1655 1001 1730 quot
1028 1646 1196 1732 Iosephus,
1223 1647 1321 1732 paulo
1345 1646 1455 1733 plures
1480 1666 1580 1730 quam

353 1752 530 1837 Dionysius
555 1761 587 1821 et
609 1755 712 1823 Philo.
759 1755 894 1821 Formas
924 1755 1040 1822 duales
1067 1755 1236 1821 verborum
1261 1754 1386 1840 vitavit,
1415 1755 1580 1821 nominum

353 1860 385 1924 in
418 1885 469 1937 -c‚
498 1885 539 1941 -ε,
567 1885 636 1940 -οιν,
665 1886 728 1928 -αιν
761 1861 948 1929 desinentes
978 1862 1119 1930 admisit.
1173 1863 1279 1947 Atque
1317 1861 1454 1928 eundem
1482 1881 1578 1945 quem

353 1966 448 2033 modo
477 1968 565 2054 apud
592 1969 764 2055 Iosephum
792 1970 1002 2054 cognovimus
1039 1970 1198 2055 paulatim
1235 1976 1434 2037 crescentem
1471 1968 1579 2034 dualis

353 2095 446 2141 usum
468 2074 556 2160 apud
580 2096 652 2142 eum
675 2077 848 2162 observare
864 2078 948 2144 licet.
983 2077 1066 2145 Nam
1085 2079 1119 2142 in
1137 2077 1214 2144 vitis
1235 2096 1385 2143 numerus
1403 2076 1579 2141 formarum

353 2182 497 2248 dualinm
515 2203 574 2267 pro
594 2183 741 2268 portione
761 2184 859 2250 multo
876 2185 979 2250 maior
994 2196 1044 2251 est
1058 2204 1154 2268 quam
1178 2184 1211 2249 in
1236 2184 1365 2270 scriptis
1389 2183 1576 2250 moralibus.
1707 2224 1715 2242 .

440 2290 512 2355 Dio
534 2289 830 2375 Chrysostomus
849 2292 946 2357 etiam
964 2292 1086 2357 maiore
1101 2293 1223 2376 impetu
1238 2299 1382 2358 veterum
1397 2310 1578 2357 sermonem

353 2396 542 2462 imitandum
571 2418 748 2482 aggressus
776 2406 834 2464 est.
885 2397 979 2466 Unde
1007 2399 1126 2465 lactum
1155 2405 1219 2482 est,
1249 2398 1344 2464 utin
1374 2397 1463 2464 duali
1487 2417 1577 2463 usur-

352 2504 461 2590 pando
493 2504 623 2571 modum
656 2505 798 2591 priorum
835 2507 932 2591 longe
969 2506 1151 2572 excederet.
1212 2505 1371 2590 imprimis
1406 2505 1576 2571 verborum

352 2610 482 2678 dualem
505 2612 539 2677 in
562 2611 690 2679 deliciis
713 2613 841 2698 habuit,
870 2622 969 2698 atque
992 2613 1027 2678 id
1050 2612 1181 2698 quidem
1205 2619 1385 2698 tantopere,
1411 2620 1445 2678 ut
1467 2611 1576 2677 Plato-

352 2739 425 2785 nem
448 2740 506 2804 pro
530 2719 678 2805 portione
701 2728 878 2806 superaret.
925 2720 1070 2786 Subieeti
1094 2720 1179 2787 enim
1204 2720 1332 2786 dualem
1357 2739 1483 2805 semper
1507 2718 1575 2785 lere

352 2847 424 2891 cnm
448 2825 537 2891 duali
561 2826 742 2910 praedicati
767 2826 869 2894 forma
893 2828 1066 2894 coniunxit.
1115 2827 1194 2892 Cum
1218 2834 1326 2892 autem
1351 2826 1458 2892 dualis
1480 2846 1577 2891 usum

353 2933 449 3018 plane
463 2932 742 3020 redintegrarent,
766 2934 866 3001 multo
882 2935 986 3018 magis
1003 2935 1210 3000 memorabile
1226 2942 1285 3018 est,
1310 2934 1397 3018 quod
1412 2936 1464 2999 δὺο
1479 2952 1575 2998 voca-

351 3040 418 3106 buli
442 3041 625 3124 genetivum
649 3041 804 3109 undecies
823 3044 886 3119 dhe,
910 3048 1024 3126 quater
1038 3049 1162 3106 tantum
1179 3044 1264 3117 δυοῖν,
1290 3041 1434 3107 dativum
1448 3061 1577 3126 semper

351 3149 416 3213 δυσί
438 3148 598 3217 formavit.

439 3256 568 3340 Restat,
601 3263 636 3322 ut
668 3256 709 3323 de
737 3257 893 3323 Demetrii
922 3256 1072 3349 Phalerei
1100 3261 1165 3341 περὶ
1193 3254 1354 3344 ἑρμηνείας
1387 3263 1419 3321 et
1448 3255 1576 3321 Timaei

350 3363 444 3427 Locri
467 3368 533 3448 περὶ
557 3369 655 3451 ψυχᾶς
676 3371 781 3450 acopo
805 3364 858 3448 qui
882 3363 1025 3430 feruntur
1039 3363 1129 3429 libris
1143 3383 1249 3448 pauca
1264 3363 1436 3430 addamus.
1465 3364 1576 3448 Ipsum

350 3470 581 3536 Demetrium
596 3471 827 3537 Phalereum
845 3472 988 3538 libellum
1008 3476 1074 3558 περὶ
1092 3470 1252 3559 ἑρμηνείας
1267 3491 1330 3536 non
1345 3471 1575 3556 composuisse,

351 3583 385 3642 ut
412 3576 450 3642 H.
477 3577 569 3645 Liers
602 3576 658 3664 (de
686 3585 785 3647 aetat.
815 3587 848 3645 et
880 3579 988 3665 script.
1020 3579 1107 3664 libri,
1141 3579 1196 3663 qui
1228 3578 1328 3644 fertur
1358 3579 1451 3645 Dein.
1480 3576 1573 3643 Phal.

350 3708 381 3751 rr.
410 3683 512 3772 ἑρμην.
544 3685 681 3751 Breslau
712 3688 808 3769 1880)
842 3686 968 3771 statuit,
1003 3686 1037 3753 0.
1067 3687 1219 3751 Hammer
1257 3687 1410 3768 (Demetr.
1444 3709 1474 3752 π.
1508 3683 1573 3772 epp„

350 3791 540 3859 Landeshut
565 3795 663 3875 1883)
688 3802 720 3859 et
742 3793 840 3859 multo
864 3794 984 3860 clarius
1007 3791 1404 3860 Beheim-Schwarzbach
1432 3790 1575 3878 (libellus

350 3922 380 3964 π.
404 3899 469 3989 epp.
493 3900 548 3985 qui
570 3902 662 3965 Dem.
688 3922 770 3966 nom.
795 3902 941 3987 inscript.
967 3909 1025 3986 est,
1055 3921 1118 3983 quo
1142 3908 1238 3986 temp.
1263 3899 1441 3985 compsit,
1467 3899 1575 3965 Kiliae

353 4010 450 4089 1890)
476 4007 692 4074 ostenderunt.
735 4008 805 4087 Ille,
830 4029 924 4093 quem
949 4016 1124 4093 sequnntur
1147 4009 1183 4074 R.
1197 4007 1381 4073 Volkmann
1405 4006 1574 4088 (Rhetorilr

350 4115 408 4182 der
432 4115 591 4182 Griechen
615 4115 680 4182 und
703 4117 838 4183 Romer²
861 4139 891 4202 p.
916 4118 995 4198 538)
1025 4124 1057 4183 et
1081 4117 1140 4182 οιι.
1164 4115 1206 4181 de
1230 4114 1337 4182 Christ
1364 4114 1574 4197 (Gesehiohte

350 4223 380 4287 d.
397 4222 516 4307 griech.
533 4222 630 4290 Litt.2
648 4246 678 4309 p.
694 4226 771 4303 505)
795 4224 937 4291 libellum
960 4223 1048 4289 circa
1071 4243 1190 4288 annum
1213 4221 1421 4288 centesimum
1445 4243 1474 4287 a.
1492 4223 1526 4288 0.
1541 4244 1572 4287 n.

350 4330 502 4416 scriptum
527 4351 601 4397 esse
624 4337 744 4398 censet.
781 4329 885 4417 Quod,
910 4330 1038 4397 dualem
1063 4332 1091 4397 si
1110 4337 1305 4415 spectamus,
1330 4330 1469 4415 probare
1485 4329 1573 4395 nullo

349 4438 445 4503 modo
468 4458 649 4523 possumus.
694 4438 776 4506 Nam
805 4439 861 4504 illo
891 4447 1034 4525 tempore
1062 4437 1169 4503 dualis
1197 4438 1366 4503 vorborum
1398 4445 1430 4503 et
1457 4435 1573 4503 forma·

349 4568 419 4611 rum
442 4545 474 4609 in
498 4569 535 4608 -ω
559 4545 772 4611 desinentium
792 4567 884 4612 nsum
898 4554 1021 4612 tantum
1036 4546 1069 4611 in
1088 4545 1199 4612 libello
1220 4544 1371 4611 rhetorici
1391 4546 1573 4628 argumenti

350 4654 450 4720 luisse
478 4690 522 4701 -
549 4653 658 4738 plures
696 4654 781 4719 enim
813 4662 887 4720 sunt
918 4674 976 4740 pro
1013 4653 1160 4738 portione
1197 4652 1319 4719 formae
1357 4672 1453 4735 quarn
1485 4651 1572 4737 apud

348 4762 485 4827 Dionem
508 4798 552 4809 -
576 4760 754 4828 concedere
781 4781 845 4826 non
872 4781 1053 4845 possumus.
1100 4760 1200 4827 Multo
1229 4767 1337 4826 autem
1359 4760 1464 4826 minus
1488 4760 1571 4826 arbi·
