3552 5370
911 460 956 525 30

318 654 347 735 1,
365 654 381 716 l
398 653 475 717 δυεῖν
491 650 723 737 ἀπαιτουμένων,
750 657 779 737 1,
794 657 815 719 4
838 654 874 718 ἐκ
890 656 975 731 δυεῖν,
1002 656 1051 739 15,
1071 660 1106 721 ll
1133 657 1208 721 δυεῖν
1223 659 1280 740 γὰρ
1299 665 1548 746 συνταττομένων,

310 757 419 822 dativi
443 760 521 824 boot:
548 761 599 843 32,
625 765 643 826 8
672 761 736 824 δυσί
759 763 881 839 atheon
906 761 959 838 39,
988 769 1002 825 l
1029 761 1062 827 ἐν
1085 764 1455 853 δυσὶν...συντάγμασιν.

408 863 499 952 ἄμφω
531 886 658 949 quoque
686 867 844 932 vocabulo
874 874 987 932 auctor
1016 888 1093 934 usus
1123 875 1186 936 est:
1223 870 1253 949 8,
1284 873 1305 936 2
1337 871 1418 936 ταῦτ’
1449 872 1551 960 ἄμφω,

316 972 369 1055 24,
395 974 416 1038 2
440 972 559 1061 ἀμφοῖν,
590 974 643 1050 38,
668 976 690 1038 4
712 977 809 1040 κοινὸν
834 972 955 1061 ἀμφοῖν.

643 1136 663 1214 ἓ
687 1135 739 1200 20.
784 1134 840 1198 De
864 1133 1010 1200 Cebete
1032 1134 1226 1203 Thebano.

407 1256 564 1323 Cebetis
597 1257 701 1335 cluat,
738 1259 792 1340 qui
826 1257 973 1324 eiusdem
1005 1258 1073 1325 fere
1110 1261 1265 1346 temporis
1303 1261 1428 1328 ridetur
1468 1283 1552 1347 esse,

320 1382 424 1447 neque
448 1362 556 1430 dualis
581 1364 716 1430 sormam
738 1384 843 1447 neque
866 1364 959 1453 άμφω
982 1366 1172 1431 vocabulum
1197 1388 1302 1453 neque
1325 1371 1377 1436 δίο
1400 1369 1550 1436 vocabuli

313 1469 505 1553 genetivum
527 1470 580 1535 rel
604 1469 750 1536 dativum
773 1473 917 1556 praebet.

655 1617 674 1693 ἓ
699 1616 750 1681 21.
797 1613 852 1678 De
876 1614 1039 1679 Philone
1063 1615 1219 1709 ludaec.

407 1736 503 1824 Apud
528 1737 694 1803 Philonem
720 1738 780 1804 has
804 1722 1076 1824 deprehendimus
1099 1740 1215 1808 duales
1239 1741 1372 1812 formas:

365 1843 405 1910 de
430 1844 507 1929 opis.
530 1843 637 1910 mund.
661 1847 703 1910 37
731 1855 794 1911 τοῖν
817 1848 893 1912 δυοῖν
916 1849 1055 1914 διπλάσια

364 1950 406 2018 de
434 1951 608 2017 Abraham.
634 1954 677 2018 24
707 1962 766 2018 τοῖν
795 1956 826 2018 δὲ
852 1952 957 2021 ἄλλοιν
984 1957 1063 2022 δυοῖν
1095 1958 1176 2023 ωσὰν
1209 1957 1458 2048 ἀπαυγσῖομὲνων
1492 1959 1552 2025 ἀπδ

479 2062 581 2124 rubroc
606 2067 699 2126 σκιῶν
724 2058 798 2145 (τῶν
823 2056 849 2125 δ’
864 2059 965 2127 ἄλλων
988 2065 1066 2130 δυοῖν
1089 2085 1168 2149 pars
1191 2065 1353 2152 librorum,
1377 2067 1410 2132 in
1434 2068 1550 2150 quibus

477 2165 621 2233 Lincoln.
646 2186 670 2231 s.
695 2166 771 2245 Xll)

362 2272 432 2336 vita
454 2272 577 2357 Moysis
602 2272 649 2337 lII
676 2276 716 2338 14
742 2273 811 2338 κατ’
834 2273 911 2349 εἶδος
934 2286 997 2341 τοῖν
1019 2279 1100 2343 δυοῖν
1123 2276 1323 2364 ἡμισφαιρίου

360 2377 405 2443 de
429 2380 606 2447 circumcis.
631 2383 651 2445 2
679 2383 827 2467 σι’)μβολον
850 2384 928 2448 δυοῖν
952 2393 1013 2449 τοῖν
1037 2383 1283 2465 ἀναγκαιοτάτων
1328 2411 1330 2416 ·

365 2484 405 2550 de
430 2486 579 2553 mercede
603 2507 680 2555 mer.
706 2490 726 2553 2
755 2491 922 2554 σαλεάουσα
945 2495 988 2555 τὼ
1011 2488 1163 2579 ὀφθαλμώ

362 2592 404 2657 de
428 2600 553 2679 septen.
582 2598 623 2662 18
652 2597 731 2661 δυοῖν
755 2594 930 2684 ἑβδομάδων

359 2698 405 2766 de
430 2701 520 2769 canit.
548 2706 563 2767 1
593 2707 690 2788 πατὴρ
713 2708 842 2786 γεγονὼς
865 2706 943 2769 δυοῖν
965 2703 1036 2770 υἱοῖν
1059 2703 1143 2785 (υἱοῖν
1167 2702 1260 2770 deest
1276 2702 1309 2768 in
1323 2701 1548 2786 antiquissimo

478 2808 558 2873 libro
585 2807 715 2877 Selden.
741 2811 895 2888 essex)

364 2913 451 2998 quod
476 2934 559 2982 omn.
583 2916 673 2999 prob.
698 2915 751 2981 lib.
776 2919 797 2984 8
825 2918 906 2983 δυοῖν
930 2917 1024 2983 ὄντοιν
1047 2917 1186 3005 ἀδελφοῖν

362 3022 395 3085 in
419 3020 570 3086 Flaccum
595 3024 615 3088 8
642 3032 700 3087 τοῖν
724 3025 827 3088 ποδοῖν
850 3028 900 3089 τδν
922 3022 1027 3108 ἕτερον

364 3127 406 3192 de
429 3128 602 3212 incorrupt.
627 3127 767 3207 mundi¹)
795 3151 826 3215 p.
851 3133 902 3214 21,
927 3133 947 3195 3
970 3127 1042 3216 hosp
1067 3133 1142 3195 δυοῖν
1165 3141 1228 3196 τοῖν
1252 3131 1494 3212 ἀναγκαιοτάτων

825 3236 876 3321 15,
905 3239 943 3303 17
967 3242 1017 3304 τὸν
1041 3235 1143 3322 ἕτερον
1166 3248 1227 3303 τοῖν
1250 3239 1361 3303 ποδοῖν.

408 3342 457 3406 Ex
480 3340 531 3407 his
554 3341 653 3425 igitur
676 3340 757 3408 locis
781 3350 919 3428 apparet
943 3351 975 3409 et
999 3342 1127 3410 dualem
1148 3345 1318 3410 verborum
1338 3352 1370 3411 et
1385 3345 1550 3411 nominum

313 3449 440 3515 formas
468 3448 500 3513 in
528 3472 575 3525 -α,
604 3474 648 3527 -ε,
677 3474 731 3525 -ει,
763 3474 826 3516 -αιν
857 3449 983 3518 deesse.
1029 3452 1196 3534 Leguntur
1223 3453 1431 3520 accusativus
1454 3453 1487 3517 in
1511 3474 1549 3517 c:

320 3562 360 3620 τω
385 3554 546 3643 ὀφθαλμώ,
572 3556 605 3619 in
628 3580 686 3623 -σιν
711 3555 874 3622 secundae
898 3556 1015 3624 declin.

480 3670 586 3747 genet.
612 3664 714 3731 subet.
743 3661 949 3753 ἡμισφαιρίων,
973 3663 1054 3743 υἱοῖν,
1079 3665 1223 3753 ἀδελφοῖν

594 3769 713 3837 adiect.
742 3770 986 3851 ἀναγκαιοτάτων
1009 3772 1070 3855 bis,

411 3929 431 3997 ¹)
453 3930 567 3984 Librum
590 3930 625 3985 de
648 3931 916 3999 incorruptibilitate
938 3931 1036 3985 mundi
1059 3932 1133 3987 inter
1156 3932 1293 4002 genuinos
1315 3933 1440 3988 Philonis
1465 3933 1551 3988 libros

321 4020 413 4089 recepi
431 4022 584 4090 praecunte
599 4019 747 4075 Oumontio
767 4019 906 4085 (Philonis
925 4021 958 4075 de
977 4025 1082 4077 aetern.
1101 4022 1200 4076 mundi
1218 4022 1296 4087 liber,
1314 4022 1438 4078 Berolini
1458 4022 1549 4090 1891),

321 4126 404 4177 quem
432 4109 461 4161 in
488 4108 635 4163 laudandis
658 4108 725 4164 locis
748 4111 859 4164 secutus
882 4127 952 4163 sum.
993 4110 1122 4165 Ceterum
1145 4111 1180 4166 de
1203 4111 1328 4167 Philonia
1351 4111 1419 4167 locis
1438 4112 1551 4167 dualem

319 4197 520 4260 exhibentibus,
540 4215 603 4251 cum
621 4197 801 4267 Mangeyana
816 4202 845 4252 ct
862 4198 1045 4254 Richteriana
1064 4200 1199 4255 editiones
1217 4203 1325 4255 textum
1344 4201 1487 4255 nonsatis
1507 4201 1549 4255 in·

319 4289 430 4357 tegrum
457 4287 617 4355 praebeant,
636 4286 789 4356 Leopoldus
822 4286 908 4349 donn,
939 4288 984 4341 rir
1011 4288 1194 4353 doctissimus,
1228 4290 1257 4344 et
1285 4290 1322 4344 ab
1351 4291 1402 4345 hoc
1433 4294 1550 4360 rogatus

318 4376 422 4429 Paulus
453 4375 613 4430 Wendland
636 4393 746 4430 summa
772 4375 951 4437 humanitate
977 4394 1050 4445 quac
1068 4377 1098 4431 in
1117 4377 1256 4432 codicibus
1278 4378 1412 4449 leguntur
1441 4395 1551 4434 mecum

319 4464 600 4523 communicaverunt.
638 4465 786 4520 Praeterea
808 4482 879 4533 quae
902 4466 934 4520 in
953 4466 1131 4522 Constantini
1149 4467 1184 4524 de
1202 4467 1384 4523 Tischendorf
1406 4466 1549 4522 Philoneis

317 4553 402 4623 (Lips.
422 4551 513 4622 1868),
540 4554 571 4607 in
594 4554 693 4609 Oohuii
715 4553 837 4609 editione
860 4554 950 4609 libelli
968 4554 1002 4610 de
1021 4555 1130 4626 opificio
1149 4557 1247 4611 mundi
1270 4557 1369 4622 (Bresl.
1388 4557 1458 4627 phil.
1477 4556 1548 4611 Abh.

312 4643 408 4709 ΝΑ,
428 4644 519 4711 1889),
548 4643 578 4698 in
605 4644 686 4698 Pauli
709 4642 870 4697 Wendlund
892 4643 964 4698 libro
989 4644 1059 4709 ‚Neu
1082 4645 1230 4701 entdecktc
1254 4647 1425 4715 Fragmenta
1448 4646 1550 4700 Philos‘

308 4732 427 4800 (Berlin
448 4734 527 4801 1891)
545 4733 734 4798 inveniuntur,
754 4733 784 4787 in
803 4750 896 4788 meum
916 4751 996 4788 usum
1014 4734 1147 4789 converti.
