3552 5370
716 416 928 516 ji„-

211 610 368 675 trahimur
404 612 549 697 potuisse
582 611 661 697 lieri,
695 618 730 677 ut
761 612 815 679 hic
847 634 926 679 usus
963 634 984 679 a
1016 613 1113 698 nullo,
1150 634 1190 679 ne
1223 634 1244 679 a
1276 612 1434 697 Dionysio

212 712 355 799 quidem,
390 721 445 804 qni
473 720 544 805 ipse
572 719 662 786 duali
690 720 944 805 redintegrando
976 742 1109 808 operam
1140 722 1245 801 dedit,
1279 722 1311 788 in
1343 721 1435 787 libris

211 823 381 893 rhetoricis
405 827 636 894 admitteretur.
683 828 800 894 Melius
828 829 910 895 haec
938 850 991 895 res
1014 830 1154 896 concinit
1178 850 1250 896 cum
1274 828 1436 896 sententia

211 931 625 1000 Bebeim-Schwarzbachii
644 935 664 1002 l.
681 935 702 1003 l.
722 956 754 1020 p.
768 938 813 1002 40
831 936 974 1020 prolata:
1000 936 1120 1021 ,itaque
1144 958 1184 1003 ex
1207 937 1311 1002 torma
1333 934 1436 1002 libelli

211 1038 298 1105 idem
322 1041 550 1125 concluditur„
565 1040 651 1125 quod
675 1063 715 1108 ex
739 1043 856 1110 ceteris
880 1044 1088 1129 argumentis,
1112 1064 1227 1129 nempe
1250 1051 1284 1110 ut
1307 1043 1436 1109 libellus

212 1149 343 1215 saeculo
366 1149 469 1215 altero
492 1171 523 1235 p.
549 1149 623 1216 Chr.
647 1171 678 1216 n.
703 1151 900 1235 compositus
924 1150 985 1217 sit‘

300 1273 459 1340 Libellum
482 1277 549 1359 περὶ
572 1280 670 1362 ψυχᾶς
696 1281 802 1362 acopo
824 1296 888 1341 non
916 1276 1064 1343 Timaei
1092 1275 1205 1342 Locri
1229 1296 1303 1342 esse
1326 1295 1437 1342 omnes

212 1380 273 1444 riri
300 1380 386 1446 docti
415 1381 628 1447 consentiunt.
675 1366 893 1465 Aque'idem
924 1403 964 1449 ex
993 1402 1053 1449 usu
1083 1382 1190 1450 dualis
1219 1384 1296 1450 licet
1319 1403 1436 1467 cogno-

213 1506 313 1552 scere.
349 1486 431 1554 Nam
455 1508 574 1573 prosae
598 1489 754 1554 orationis
778 1489 963 1574 scriptores,
987 1490 1043 1573 qui
1058 1491 1176 1556 Dorico
1201 1510 1347 1556 sermone
1370 1496 1437 1556 ute·

212 1595 338 1679 bantur,
361 1602 514 1678 quantum
539 1595 668 1679 quidem
692 1595 837 1663 iudicare
852 1617 1035 1682 possumus,
1060 1595 1189 1664 dualem
1204 1618 1268 1663 non
1284 1597 1437 1664 adhibue-

213 1708 295 1788 runt,
319 1701 372 1767 hic
394 1723 471 1769 vero
494 1723 554 1788 pro
576 1704 723 1789 portione
747 1724 810 1768 non
824 1704 978 1770 minorem
994 1724 1090 1787 quam
1106 1704 1200 1770 Plato
1217 1705 1438 1791 exemplorum

213 1830 377 1876 nnmerum
400 1811 543 1895 praebet.
591 1810 653 1887 oui
681 1811 875 1877 norissimus
904 1811 946 1876 de
975 1816 1085 1878 aetate
1114 1812 1184 1878 eius
1212 1812 1313 1879 libelli
1342 1806 1438 1895 quarn

214 1917 437 2003 copiosissime
461 1917 615 1984 disseruit
629 1919 735 1983 Anton
760 1917 815 1999 (de
839 1918 963 2001 origine
985 1918 1089 1985 libelli
1111 1924 1177 2005 περὶ
1200 1926 1300 2008 ψυχᾶς
1322 1926 1438 2008 adeps,

213 2025 402 2109 Nanmburg
427 2026 526 2105 1891)
551 2025 593 2090 ad
617 2024 701 2091 bunc
725 2024 820 2091 finem
843 2026 990 2111 pervenit
1013 2030 1057 2111 (p.
1077 2029 1173 2108 593):
1202 2027 1317 2111 ,Atque
1341 2027 1439 2093 etiarn

213 2170 256 2180 -
294 2154 382 2199 more
418 2132 588 2197 verborum
629 2131 887 2216 testimoniisque
928 2141 1072 2198 veterum
1109 2171 1153 2180 —
1189 2133 1271 2199 illud
1306 2133 1438 2220 planum

213 2240 335 2307 factum
360 2246 410 2307 est
433 2245 617 2325 susceptam
637 2238 721 2306 hanc
736 2241 864 2326 culpam
888 2240 969 2324 [scil
986 2240 1199 2327 componendi
1215 2241 1298 2306 hunc
1312 2242 1439 2325 librum]

215 2368 287 2415 esse
320 2368 384 2414 non
414 2357 489 2415 ante
518 2348 667 2415 Panaetii
694 2356 836 2415 aetatem
863 2369 923 2415 nec
951 2355 1026 2434 post
1053 2348 1242 2415 Nicomachi
1270 2348 1438 2433 Geraseni,

216 2455 328 2522 dubito
353 2477 396 2521 an
420 2463 557 2524 exeunte
579 2457 682 2542 primo
708 2455 891 2522 secundove
918 2455 1047 2521 incunte
1075 2476 1106 2540 p.
1132 2455 1204 2524 Chr.
1227 2477 1258 2521 n.
1287 2456 1447 2524 sacculos

216 2561 360 2638 Quocum
384 2563 452 2629 lere
477 2564 636 2647 convenit,
666 2562 751 2646 quod
782 2562 930 2629 edualis
959 2583 1020 2628 usu
1047 2564 1203 2648 probatur
1225 2569 1301 2629 ante
1324 2563 1439 2629 Dionis

215 2669 436 2753 Chrysostomi
461 2670 625 2736 orationes
649 2669 762 2734 librum
788 2671 941 2755 scriptum
965 2690 1028 2735 non
1053 2690 1136 2737 esse.

304 2902 372 2966 Iam
401 2909 570 2988 postquam
600 2901 706 2968 dualis
734 2904 856 2968 numeri
881 2903 1049 2970 historiam
1072 2904 1115 2968 ab
1139 2903 1314 2969 Aristotele
1336 2922 1439 2987 usque

217 3008 259 3073 ad
282 3009 419 3076 Dionem
443 3010 658 3093 narravimus,
686 3030 781 3074 unum
810 3016 925 3095 restat,
953 3018 988 3076 ut
1016 3030 1222 3096 quaeramus,
1251 3031 1348 3093 quam
1374 3010 1439 3076 vim

216 3115 394 3201 Dionysius
427 3123 459 3184 et
488 3117 542 3201 qui
576 3116 609 3181 in
641 3115 730 3180 duali
763 3117 948 3182 renovando
982 3139 1055 3184 eum
1087 3117 1190 3184 secuti
1222 3124 1297 3184 sunt
1327 3117 1439 3184 formis

215 3222 365 3290 dualibus
393 3225 501 3291 inesse
527 3223 721 3310 putaverint.
772 3222 878 3306 Atque
905 3225 1041 3310 primum
1071 3224 1098 3290 si
1128 3226 1287 3291 vocabula
1311 3233 1437 3311 specta-

214 3350 294 3416 mus,
318 3352 402 3415 quae
425 3333 458 3397 in
481 3332 602 3397 formas
626 3332 740 3407 duales
765 3328 929 3396 declinata
948 3340 1030 3416 sunt,
1053 3332 1203 3418 Dionysii
1218 3353 1315 3398 unum
1331 3339 1440 3399 exstat

215 3443 281 3523 χείρ
304 3438 391 3504 haud
417 3439 514 3505 semel
539 3439 720 3523 repetitum,
748 3437 874 3504 Nicolai
903 3438 1100 3506 Damasceni
1123 3445 1187 3529 χείρ
1212 3447 1244 3506 et
1266 3438 1438 3529 ὀφθαλμός,

216 3544 346 3631 losephi
379 3546 411 3610 in
444 3546 528 3611 bello
557 3545 690 3610 Iudaico
717 3550 786 3633 χείρ
815 3552 847 3612 et
875 3548 958 3624 ποὺς,
991 3545 1157 3612 Plutarchi
1190 3547 1299 3614 decies
1332 3548 1439 3615 sexies

215 3659 282 3740 χείρ
306 3652 359 3720 vel
381 3656 463 3726 ποὺς.
509 3653 580 3717 Huc
608 3653 637 3719 si
665 3651 815 3718 addimus
842 3662 926 3739 χεῖρε
954 3660 987 3717 et
1009 3663 1110 3739 χεροῖν
1137 3652 1224 3718 haud
1247 3654 1352 3739 raro¹)
1376 3675 1439 3719 non

216 3760 257 3826 de
289 3780 362 3844 uno,
392 3759 450 3825 sed
481 3758 522 3824 de
551 3759 761 3843 complurium
791 3759 955 3825 hominum
979 3759 1050 3844 pari
1073 3781 1224 3825 manuum
1254 3781 1327 3827 esse
1350 3782 1440 3828 nsnr·

215 3875 306 3954 pata,
338 3867 551 3933 membrorum
579 3865 704 3952 parium
733 3865 1003 3951 significationes,
1033 3866 1087 3931 ubi
1116 3866 1158 3932 dc
1186 3887 1248 3932 uno
1276 3867 1328 3934 vel
1356 3888 1439 3934 com·

216 3974 360 4058 pluribus
382 3974 565 4040 hominibus
588 3981 715 4058 agatur,
743 3974 831 4039 duali
861 3981 895 4039 ut
923 3974 1040 4058 plurali
1070 3974 1205 4058 exprimi
1238 3994 1336 4059 posse
1364 3974 1438 4041 illos

216 4081 390 4148 arbitratos
418 4103 492 4149 esse
520 4080 731 4148 censebimus.
779 4080 914 4147 Ceteras
944 4079 1064 4145 formas
1088 4080 1308 4165 imprimisque
1333 4080 1438 4148 Philo-

216 4208 296 4254 neas
329 4188 530 4274 duplicitatis
562 4188 724 4254 notionem
761 4187 882 4254 habere
919 4188 1108 4255 invenimus.
1168 4188 1251 4255 Nam
1288 4189 1439 4272 quoniam

216 4296 294 4361 doctu
326 4295 514 4380 plerumque
547 4317 617 4361 cum
650 4294 738 4360 duali
772 4294 974 4360 coniunctum
1007 4292 1168 4373 videmus,
1203 4294 1332 4361 dubium
1366 4318 1440 4364 csse

310 4526 829 4596 ¹)Dionys.arch.R0m.111‚73‚2.
865 4528 910 4593 Vl,
929 4528 972 4593 82,
992 4528 1015 4582 3.
1044 4528 1087 4594 ab,
1108 4528 1133 4582 2.
1171 4527 1277 4597 Ioseph.
1296 4528 1361 4583 bell.
1380 4528 1438 4582 Iud.

216 4616 249 4681 V,
269 4618 295 4682 2,
313 4618 339 4670 4.
376 4616 450 4671 Plub.
469 4618 547 4672 Brut.
566 4618 609 4683 42,
628 4620 652 4672 3.
691 4618 789 4687 Pyrrh.
809 4618 890 4682 7,28.
928 4616 1222 4679 Aem.Purrl.25,10.
1261 4617 1337 4671 Alex.
1359 4617 1400 4681 13,
1413 4619 1437 4672 3.

216 4706 291 4761 Caes.
311 4707 353 4771 61,
373 4708 398 4759 8.
436 4706 470 4759 de
489 4724 537 4759 ser.
557 4725 633 4760 nunt.
653 4707 727 4759 vind.
748 4708 781 4761 ld
800 4726 826 4777 p.
847 4708 937 4761 oossll.
