3552 5370
880 438 904 502 2

278 640 393 699 rerunt
426 631 467 696 Δ.
498 631 653 717 Boeper
687 628 754 713 (,dc
784 629 894 696 dusiis
923 650 987 696 usn
1017 630 1207 715 Platonico‘,
1238 629 1370 697 Gednui
1398 631 1511 715 1878),

280 738 502 825 Stephanus
523 737 635 804 Keck
658 737 751 821 (,Der
768 737 857 804 Duul
877 737 933 804 bei
955 736 1021 805 deu
1041 735 1195 804 Bcduern
1216 738 1281 807 mit
1295 737 1512 805 Bcr‘dcksisb·

279 847 396 929 tignng
416 843 476 911 der
493 844 658 912 uttiscben
670 843 887 929 hscbristen‘,
909 844 1093 929 Wflrsburg
1108 846 1219 929 1882),
1241 842 1360 911 Obler
1381 844 1513 927 coeca

279 952 346 1020 den
367 950 540 1019 Gebnucb
562 950 624 1018 des
645 951 734 1018 Duul
754 952 810 1019 bei
831 951 973 1035 Home‘,
995 951 1103 1016 bisin:
1128 950 1241 1037 1884),
1268 951 1396 1018 Hussc
1418 950 1514 1037 (,Der

280 1058 369 1125 Duul
389 1059 444 1126 bei
464 1058 649 1145 Xenophon
670 1057 739 1124 und
752 1056 984 1143 Thucydidcs‘,
1005 1058 1213 1126 Burteustcin
1228 1060 1316 1127 1888
1338 1066 1373 1124 ct
1393 1058 1514 1141 ,Ucbcr

280 1166 347 1234 den
370 1166 460 1233 Dus]
485 1165 540 1232 bei
567 1164 632 1231 deu
659 1164 822 1232 uttiscbeu
843 1165 1088 1232 Dnmstikcrn‘
1115 1164 1238 1232 ibidem
1262 1164 1373 1250 1891)
1418 1163 1513 1242 Qnsc

282 1272 430 1340 Keolrius
453 1271 496 1338 de
517 1272 683 1338 titulorum
695 1273 877 1339 Atticorum
898 1272 1164 1358 usuprotuiernt
1185 1271 1511 1339 Meisterhsnsius

282 1380 317 1446 in
342 1379 441 1464 hbro,
475 1380 533 1463 qui
562 1379 751 1446 inscribitur
781 1378 998 1464 ,Gnmmstik
1028 1378 1088 1444 der
1119 1378 1282 1446 sttiscben
1307 1378 1510 1445 Imcbriibeu‘

280 1486 410 1573 plenius
458 1487 707 1570 uccnrstiusqne
755 1494 948 1573 persecutum
996 1494 1057 1552 cst.
1132 1486 1252 1552 Datis
1300 1506 1407 1570 usum,
1455 1486 1511 1569 qui

280 1593 343 1659 fuit
374 1600 470 1660 extra
500 1593 652 1672 Atticum,
684 1593 829 1660 Paulus
859 1592 1069 1660 Doerrruld
1101 1593 1383 1677 commentutiouc,
1413 1612 1512 1677 quern

283 1700 415 1786 scripsit
442 1699 496 1784 ,de
523 1698 615 1765 duuli
640 1719 774 1766 numero
801 1700 836 1765 in
862 1698 1015 1766 disiectis
1037 1698 1182 1766 Aeolicus
1203 1706 1238 1765 ct
1258 1699 1401 1784 Derieis,
1426 1719 1512 1784 quse

282 1807 450 1873 vocantur‘
476 1805 658 1889 (Bostocbii
683 1807 782 1887 1881)
810 1806 984 1873 maurit
1033 1804 1160 1883 Quibus
1187 1803 1306 1872 studiis
1333 1826 1373 1871 eo
1401 1826 1514 1873 sumus

280 1914 441 2000 provecti,
467 1921 518 1999 ut,
545 1911 654 1997 qualis
682 1911 780 1978 inerit
805 1933 885 1980 usus
911 1913 955 1979 ub
977 1912 1120 1979 Homero
1141 1932 1246 1996 usqne
1266 1911 1313 1978 ud
1333 1912 1515 1980 Alandri

282 2018 1007 2106 bisgniternporuperspectumbsbeumus
1041 2019 1514 2087 Doetiuutemviricurbic

282 2127 500 2205 constiterint,
526 2125 616 2192 baud
646 2125 781 2193 difficile
803 2134 856 2193 est
877 2127 1020 2210 cognito
1064 2126 1116 2192 Ex
1137 2126 1405 2213 inscriptionibus
1427 2128 1514 2194 cuim

280 2234 400 2300 Atticis
436 2233 593 2300 discimus
629 2240 769 2300 exeunte
804 2242 921 2318 quurto
958 2253 991 2302 ι
1028 2232 1102 2299 Chr.
1139 2255 1173 2298 n
1209 2235 1342 2301 noculo
1382 2233 1515 2301 dnnlm

282 2360 450 2407 nnmerum
471 2360 606 2426 prorem
629 2341 813 2409 erunuinc.
854 2341 935 2406 Cum
958 2340 1062 2406 titulis
1084 2348 1194 2406 entem
1216 2342 1423 2409 consentiunt
1444 2340 1514 2409 fue

280 2447 470 2533 scriptores,
497 2465 632 2531 quorum
658 2467 739 2515 usus
765 2446 876 2513 dusiis
897 2447 1023 2513 numeri
1045 2447 1206 2533 paulatim
1226 2448 1439 2533 imminuitur,
1465 2450 1515 2514 its

280 2562 317 2621 ut
347 2553 533 2640 Stephanus
563 2553 660 2621 Keck
690 2553 762 2623 11
791 2554 880 2620 circs
915 2575 1035 2620 anunm
1073 2553 1282 2621 occmw
1316 2556 1514 2623 novissimus

281 2660 390 2728 dualis
414 2661 539 2728 numeri
560 2661 683 2729 formos
704 2661 843 2728 inveniri
865 2660 994 2729 dixerit
1031 2661 1099 2729 Sed
1121 2662 1288 2728 titulorum
1305 2660 1515 2729 duslmnon

282 2769 412 2835 omnino
436 2789 509 2835 curn
531 2768 744 2855 scriptoribus
766 2768 949 2854 convenire,
972 2768 1002 2836 si
1024 2769 1134 2836 scrius
1156 2770 1191 2834 in
1214 2790 1288 2836 eum
1310 2770 1515 2855 inquisiveri-

280 2896 364 2961 mus,
396 2875 548 2942 elucebit.
597 2876 683 2942 Nem
713 2876 748 2941 in
775 2876 880 2943 titulis
902 2876 1021 2943 Atticis
1048 2876 1224 2961 usquead
1252 2886 1415 2945 memor
1435 2878 1516 2945 belli

281 2982 552 3069 Peloponnesisci
574 3001 679 3048 annos
701 2980 832 3048 duulem
856 3003 953 3067 quum
975 2983 1118 3049 maxime
1139 2981 1308 3049 florentem
1336 2982 1514 3068 depreben-

281 3090 397 3157 dimus
442 3089 524 3155 Gom
552 3089 638 3154 enim
665 3086 708 3155 de
734 3087 863 3156 duobus
889 3089 1013 3173 egitur,
1040 3109 1105 3154 uon
1127 3089 1234 3155 solum
1254 3090 1430 3173 nominum,
1454 3087 1514 3155 scd

283 3197 384 3264 etism
414 3197 585 3263 verborum
618 3195 727 3262 dualis
757 3196 948 3282 plerumque
978 3232 1025 3244 —
1055 3215 1184 3281 semper
1213 3195 1299 3262 enim
1334 3195 1397 3262 boc
1432 3195 1514 3280 fieri,

283 3304 436 3389 quonium
466 3324 508 3370 cx
538 3302 690 3369 undecim
721 3303 881 3389 exemplis
911 3323 1011 3369 unum
1044 3301 1205 3385 ((111.
1227 3302 1299 3368 [Vb
1327 3304 1408 3388 373,
1436 3304 1514 3384 180)

286 3410 448 3489 dissentit,
471 3430 545 3476 cum
565 3408 815 3476 bieisterbunsio
838 3408 948 3476 dicere
969 3428 1035 3475 non
1056 3408 1170 3475 licebit
1192 3446 1232 3457 —
1257 3409 1398 3495 ponitur.
1434 3409 1516 3476 lude

282 3519 325 3583 ob
347 3537 433 3584 anno
448 3516 666 3583 ccccxvss⁰
690 3514 799 3583 dnslis
820 3517 993 3583 verborum
1016 3516 1145 3583 omnino
1169 3514 1272 3601 deest
1294 3524 1372 3603 post
1394 3537 1516 3583 anuum

283 3623 482 3691 cccclxv·
500 3643 560 3710 pro
577 3624 741 3690 nominum
764 3622 855 3689 donli
877 3622 1023 3709 plurales
1045 3622 1171 3690 iormsc
1193 3622 1355 3690 interdum
1377 3630 1515 3691 exstsnt

284 3730 403 3797 Primis
439 3738 549 3796 autem
586 3731 693 3814 quarti
729 3730 855 3797 soeculi
891 3729 1060 3797 decenniis
1096 3730 1213 3798 dusles
1249 3730 1374 3797 formae
1408 3729 1516 3814 magis

283 3837 455 3923 mgisqm
483 3845 695 3922 umescunt,
728 3837 776 3902 its
808 3845 845 3902 ut
873 3857 959 3902 anno
986 3835 1056 3903 iere
1082 3836 1293 3903 CCCXXIX⁰
1317 3835 1516 3903 novissimae

283 3945 435 4030 leguntur
456 3950 541 4011 teste
562 3943 852 4026 Meisterhsnsio.¹)
898 3944 1021 4010 Postcs
1046 3943 1094 4010 nil
1116 3944 1181 4010 nisi
1203 3949 1257 4007 τὼι
1278 3941 1359 4008 Otos
1379 3979 1425 3990 -
1446 3942 1517 4008 iots

283 4072 306 4117 s
327 4050 475 4138 lupicids
496 4072 598 4137 prave
620 4050 821 4135 acseuptum
844 4059 896 4118 est
908 4086 954 4098 -
967 4051 1070 4118 semel
1093 4051 1233 4135 legimus
1255 4050 1290 4115 in
1304 4049 1516 4136 inscriptione

282 4158 397 4245 primis
427 4156 595 4225 decenniis
626 4157 750 4224 soeculi
781 4157 917 4224 ulterius
948 4157 1055 4225 incisu
1087 4156 1246 4239 ((111,
1269 4155 1315 4241 II,
1343 4158 1424 4242 605,
1448 4158 1515 4240 12).

286 4265 348 4332 illo
375 4265 475 4350 igitur
502 4265 575 4350 ipso
602 4272 747 4351 tempore
779 4285 852 4357 curn
879 4284 1005 4332 summo
1031 4263 1160 4350 imperii
1191 4263 1234 4328 ab
1261 4262 1516 4332 Atheniensrbus

377 4443 398 4513 ¹)
416 4443 564 4513 Inscriptio
582 4443 612 4499 Ο.
631 4443 652 4498 1
671 4444 704 4498 A„
724 4443 928 4509 111,1too,12

722 4528 834 4601 κόλο]ως
851 4538 951 4603 unt-ips
970 4527 1071 4582 cotim

288 4637 361 4690 quse
392 4623 430 4677 sd
462 4622 633 4678 Demetrium
664 4625 694 4678 et
721 4621 895 4691 Antigonum
922 4622 1069 4677 refusnds
1098 4620 1195 4690 itaque
1221 4624 1285 4691 post
1311 4621 1385 4675 hunc
1411 4636 1516 4703 sunum

285 4716 402 4766 exorato
419 4711 538 4776 videtur,
556 4711 701 4767 metrice
718 4714 769 4766 cst
