3552 5370
894 434 936 502 10

297 631 411 698 ἐδίδοτο
433 639 492 696 τῶν
515 631 701 719 δημαγωγῶν
718 632 758 695 τὰ
776 631 884 718 τληδη
897 630 1131 707 κολακευόντων,
1155 626 1198 703 δίς
1212 651 1301 719 φησιν
1315 624 1533 715 Ἀριστοτέλης

297 737 331 805 ἐν
353 747 420 810 ταῖς
442 740 615 813 πολιτείας,
643 736 781 802 alterum
808 734 964 821 Hesychii
988 756 1015 804 s.
1037 757 1068 802 v.
1097 737 1279 803 δικαστικόν·
1307 731 1533 822 Ἀριστοφάνης

295 843 451 929 ἐν”Ωραις
472 845 628 929 τριώβολον
652 866 739 931 φησιν
762 840 849 909 εἶναι·
874 838 909 909 oh
932 842 1032 930 μέντοι
1055 841 1190 930 ἕστηκεν,
1215 838 1283 908 ἀλλ’
1298 841 1410 909 ἄλλοτε
1428 840 1532 916 ἄλλως

297 952 424 1019 ἐδίδοτο.
461 949 554 1029 Quae
577 950 607 1017 si
629 949 714 1016 inter
738 968 774 1017 se
798 948 983 1034 contuleris,
1005 948 1170 1016 Pollucem
1193 949 1267 1035 ipsa
1289 950 1390 1016 verba
1404 948 1529 1016 Aristo·

295 1057 373 1126 telis
396 1057 547 1145 posuisse
569 1075 628 1143 pro
652 1062 739 1124 certo
763 1056 919 1122 affirmari
942 1075 1007 1123 non
1029 1075 1128 1142 posse
1150 1056 1333 1142 intelleges.
1373 1055 1440 1123 Sed
1459 1061 1534 1122 utut

298 1172 356 1245 est
382 1166 448 1249 (τὼ)
463 1163 507 1231 δυ’
520 1163 619 1248 ὀβολώ
641 1163 812 1249 priscam
826 1163 929 1230 fnisse
943 1161 1123 1249 formulam,
1147 1182 1245 1248 quam
1267 1170 1381 1230 auctor
1403 1170 1530 1229 tantum

296 1271 479 1355 retinuerit,
521 1269 675 1354 consequi
712 1289 752 1335 ex
787 1268 1016 1355 Aristophanis
1052 1270 1133 1338 Ran.
1169 1271 1234 1337 140
1268 1274 1310 1336 τὼ
1346 1266 1390 1335 δυ’
1429 1268 1529 1355 ὀβολώ

297 1380 335 1448 Β.
359 1377 511 1445 Foerster
531 1397 583 1443 me
606 1376 738 1443 monuit.
790 1373 901 1454 Quare
924 1382 1013 1442 certe
1035 1374 1119 1443 haee
1140 1375 1245 1442 forma
1272 1375 1317 1442 ad
1339 1375 1527 1444 Aristotelis

297 1485 402 1572 ipsius
425 1503 519 1551 usum
542 1481 788 1550 diiudicandum
809 1481 890 1548 nihil
913 1482 1002 1551 facit.

389 1589 592 1658 Accedamus
615 1589 660 1656 ad
682 1596 890 1676 postremam,
913 1608 998 1674 quae
1021 1594 1072 1656 est
1091 1587 1133 1655 de
1153 1587 1273 1675 formis,
1297 1589 1532 1675 quaestionem,

298 1720 375 1766 num
401 1697 593 1765 Aristoteles
623 1696 727 1763 forma
758 1695 887 1762 articuli
919 1705 987 1763 τοῖν
1016 1716 1095 1763 usus
1122 1694 1175 1764 sit.
1222 1693 1295 1773 Qua
1323 1694 1365 1761 de
1393 1714 1429 1762 re
1458 1715 1532 1762 cum

298 1806 381 1873 iuter
409 1804 523 1872 doctos
550 1803 638 1871 viros
665 1803 799 1870 multum
826 1802 947 1887 dinque
974 1801 1194 1888 disceptatum
1217 1802 1275 1888 sit,
1303 1801 1401 1888 paulo
1425 1801 1530 1870 fusius

296 1914 392 1979 nohis
419 1909 644 1979 disserendum
672 1911 741 1976 erit.
796 1909 963 1997 Exemplis
991 1929 1076 1994 qnae
1103 1910 1210 1977 Hasse
1243 1909 1377 1995 protulit
1409 1909 1534 1993 (Ueber

300 2018 364 2087 den
377 2017 466 2085 Dual
489 2018 542 2085 hei
566 2016 629 2085 den
653 2022 712 2083 att.
726 2018 860 2102 Pragg„
882 2016 1089 2084 Bartenstein
1105 2017 1201 2096 1891,
1223 2015 1358 2085 Jahrbb.
1375 2014 1398 2085 i.
1412 2014 1531 2083 Philol.

300 2128 365 2195 143
386 2146 420 2212 p.
434 2126 501 2193 416
511 2144 571 2211 ιη,
595 2122 751 2191 Zeitschr.
775 2122 798 2192 f.
815 2121 847 2192 d.
863 2123 1167 2209 Gymnasialwesen
1184 2124 1268 2191 1891
1290 2144 1322 2209 p.
1337 2123 1532 2205 ott-ote)

298 2233 436 2319 primum
468 2231 623 2318 probatur
654 2240 720 2297 ταῖν
751 2228 854 2297 fnisse
886 2229 1022 2297 formam
1053 2229 1197 2297 Atticam
1230 2228 1284 2314 (cf.
1308 2229 1409 2298 orl.
1432 2229 1474 2311 [L
1498 2231 1530 2315 3,

241 2326 245 2333 ⁸
300 2340 387 2407 1559
413 2337 513 2404 medii
540 2336 608 2403 fere
632 2336 755 2405 saeculi
778 2336 900 2421 quarti:
934 2335 1031 2425 Φ]ίλη
1059 2348 1122 2404 ταῖν
1150 2338 1238 2404 θεαῖν
1265 2335 1436 2425 [εΙίιΕαρένη
1459 2333 1533 2423 διτὲρ

297 2456 349 2512 τοῦ
384 2446 528 2530 παιδίου),
570 2450 636 2511 tum
672 2442 771 2530 paulo
809 2443 1059 2528 frequentiorem
1095 2463 1168 2511 eam
1204 2443 1308 2511 fuisse
1347 2464 1445 2529 quam
1480 2447 1532 2520 τά,

298 2572 383 2638 quae
414 2551 479 2619 nisi
510 2571 584 2618 oum
615 2549 799 2617 nominibus
830 2550 864 2617 in
897 2576 918 2617 α
945 2550 1118 2618 coniuncta
1149 2570 1213 2618 non
1247 2550 1423 2637 invenitur,
1455 2557 1535 2638 post

299 2658 500 2746 Thucydidis
523 2665 666 2727 aetatem
689 2659 819 2725 omnino
843 2658 985 2726 evanuit.
1032 2658 1214 2746 Sophocles
1243 2659 1327 2725 enim
1352 2665 1385 2726 et
1406 2658 1530 2726 Aristo·

297 2765 424 2854 phanes
456 2765 610 2832 feminina
642 2772 829 2834 constanter
855 2786 928 2833 cum
954 2777 1018 2833 ταῖν
1051 2765 1298 2852 coniunxerunt,
1331 2765 1533 2853 posteriores

298 2878 421 2940 tautum
444 2872 598 2940 feminina
621 2872 655 2939 in
677 2896 743 2941 -αιν
766 2872 960 2942 desinentia.
1006 2874 1130 2940 Tamen
1154 2872 1244 2959 apud
1258 2873 1430 2939 Platonem
1443 2871 1530 2941 Tim.

300 2980 378 3048 791)
403 2981 482 3047 δυοῖν
502 3002 536 3045 τε
558 2990 623 3047 ταῖν
647 2979 786 3053 διεξόδοιν
808 2985 841 3046 et
862 2977 951 3066 apud
973 2978 1104 3046 Isaeum
1127 2982 1159 3066 6,
1181 2981 1225 3049 39
1253 2989 1319 3046 ταῖν
1346 2979 1533 3064 θυγατέροιν,

298 3095 335 3153 ut
363 3086 473 3154 estin
500 3086 608 3172 libris,
636 3086 821 3171 legendum.
867 3085 965 3172 Apud
991 3086 1203 3153 Aristotelem
1228 3097 1296 3153 ταῖν
1324 3084 1431 3153 bisin
1454 3105 1531 3151 uon·

298 3192 397 3260 nullis
419 3193 511 3260 libris
532 3193 709 3260 invenitur:
732 3196 826 3259 τολιτ.
850 3193 883 3259 ΙΙ
910 3195 950 3260 12
973 3213 1005 3278 p.
1032 3193 1200 3263 12141114.
1246 3203 1306 3259 τοῖν
1330 3203 1431 3280 χεροῖν
1455 3193 1534 3274 (ταῖν

298 3299 345 3379 Qb
373 3299 539 3386 [BokkerD
563 3310 697 3367 -ταῖν
723 3311 825 3388 χεροῖν
853 3305 941 3381 (,ταῖν
964 3297 1012 3364 Πι
1035 3297 1079 3364 P*
1101 3309 1163 3366 τοῖν
1186 3298 1280 3370 codd.
1304 3299 1411 3368 Bekk.
1441 3297 1530 3384 [fors.

298 3407 410 3493 rectel‘
435 3406 621 3490 Susemihl.)
645 3414 679 3474 et

344 3538 425 3603 τεχν.
450 3511 514 3602 ῥητ.
539 3513 587 3580 ΙΙΙ
613 3516 654 3582 16
676 3535 709 3601 p.
727 3514 865 3583 1417b1
894 3524 954 3581 τοῖν
976 3524 1076 3602 χεροῖν
1098 3517 1177 3597 (ταῖν
1192 3512 1222 3592 Q
1235 3512 1283 3580 Yb
1297 3512 1341 3580 Zb
1364 3512 1533 3602 [Bekherb

891 3631 954 3688 τοίν
971 3631 1075 3710 χεροῖν
1091 3625 1166 3705 (ταῖν
1180 3620 1332 3687 ΘΠΑΙά.
1348 3621 1533 3707 [ΒοθῖηυῖῙλ

389 3727 469 3795 (lum
491 3727 590 3813 igitur
611 3748 715 3813 usque
737 3727 782 3794 ad
804 3727 975 3795 Platonem
998 3735 1032 3795 et
1046 3729 1176 3796 Isaeum
1198 3738 1264 3796 ταῖν
1288 3722 1391 3794 lomna
1414 3728 1447 3793 in
1470 3745 1532 3793 usu

300 3841 397 3913 esset,
421 3833 511 3921 apud
529 3834 782 3903 Demosthenem
805 3834 942 3920 eiusque
965 3834 1131 3921 aequales,
1156 3833 1245 3922 apud
1268 3832 1530 3920 Theophrastum

300 3962 403 4027 usque
438 3940 484 4009 ad
514 3940 687 4028 Polybium
713 3940 859 4009 feminini
892 3941 1021 4009 articuli
1053 3941 1161 4010 dualis
1190 3940 1373 4027 exemplum
1403 3939 1534 4006 omnino

298 4049 423 4117 nullum
454 4055 616 4134 occurrat,
646 4068 711 4115 non
744 4054 809 4134 est,
842 4067 899 4115 cur
930 4048 1116 4116 Aristotelis
1148 4054 1259 4115 aetate
1294 4056 1360 4114 ταῖν
1395 4045 1533 4113 formam

300 4156 465 4224 interiisse
487 4155 696 4223 affirmemus.
744 4152 852 4233 Quare
874 4166 940 4222 ταῖν
963 4174 1002 4222 ου
1026 4154 1156 4240 quidem
1179 4154 1268 4241 loco,
1293 4173 1356 4239 quo
1379 4154 1533 4221 librorum

299 4262 468 4331 meliorum
499 4260 679 4328 auctoritas
710 4267 818 4329 tuetur
849 4263 917 4330 πολ
946 4261 978 4326 II
1009 4265 1050 4330 12
1077 4282 1110 4347 p.
1136 4261 1295 4329 1214114
1330 4260 1533 4328 retinendum

299 4388 374 4437 esse
397 4388 525 4438 censeo.

388 4475 509 4543 Paucis
537 4474 565 4542 si
592 4474 894 4562 comprehendimus
925 4475 1111 4543 Aristotelis
1139 4495 1249 4562 usum,
1280 4475 1419 4562 primum
1440 4479 1535 4561 patet

300 4581 429 4649 dualem
466 4583 634 4650 verborum
672 4590 802 4670 praeter
838 4604 937 4650 uuam
973 4583 1110 4649 formam
1148 4584 1191 4667 (τι.
1215 4605 1241 4649 τ.
1269 4588 1332 4669 ζῷα
1358 4581 1412 4648 ίστ.
1441 4580 1531 4647 vla

298 4710 331 4776 p.
359 4689 480 4758 oetas
506 4687 598 4778 ἄρου
621 4686 649 4756 δ’
672 4688 778 4779 ἤστην)
803 4709 935 4776 prorsus
967 4689 1150 4758 evanuisse.
1203 4688 1378 4757 Nominum
1408 4686 1535 4753 formae
