3552 5370
751 534 755 541 ,
878 467 900 530 b

278 661 479 745 investigare
505 655 642 727 necesse
671 660 730 727 ost
778 658 830 727 Ita
858 658 1012 744 elucebit,
1045 678 1130 744 quae
1157 666 1302 726 extrema
1334 660 1405 726 eius
1436 658 1507 726 fata

279 768 399 835 fuerint
421 773 454 834 et
476 767 549 851 quis
571 785 738 833 nnmerum
760 766 1003 833 intermortuam
1026 765 1061 831 in
1083 784 1176 833 usum
1199 766 1409 833 revocaverit

366 875 415 941 Ao
441 874 579 960 primum
603 871 734 957 quidem
756 870 801 938 ad
823 891 964 961 prosae
988 872 1144 941 orationis
1168 872 1345 960 scriptores
1369 873 1506 940 acceda-

276 1002 358 1049 mus.
404 979 488 1048 Nam
515 986 634 1067 poetae
662 1000 734 1046 eum
761 979 904 1063 vestigia
931 979 1074 1065 priorum
1102 979 1206 1045 secuti
1233 999 1296 1045 non
1330 977 1507 1046 dialectum

275 1089 444 1173 uolgarem
468 1106 711 1171 sermonemque
735 1084 934 1153 cotidianum
956 1086 1150 1172 praebeant,
1179 1085 1239 1153 sed
1266 1092 1337 1152 arte
1364 1086 1507 1171 quadarn

276 1194 491 1281 compositum
519 1200 552 1261 et
577 1193 695 1280 prioris
722 1211 863 1279 poeseos
890 1211 951 1260 usu
982 1199 1209 1278 temperatum,
1242 1212 1263 1258 a
1297 1192 1506 1279 scriptoribus

275 1301 439 1388 pedestris
473 1301 630 1369 sermonis
663 1298 857 1384 seiungendi
888 1305 921 1366 et
951 1299 1110 1386 peculiari
1143 1298 1333 1384 quaestione
1366 1307 1506 1367 hastan

273 1407 312 1474 di
336 1415 438 1476 erunt.

367 1513 448 1582 Onm
475 1520 583 1582 autem
613 1513 647 1579 in
675 1514 817 1580 omnium
843 1533 950 1581 rerum
977 1514 1161 1597 cognitione
1185 1513 1250 1581 duo
1273 1513 1331 1580 illa
1354 1513 1419 1581 sint
1441 1512 1507 1581 dis·

273 1619 454 1707 oernenda,
491 1620 629 1707 primum
660 1628 696 1687 ut
728 1620 876 1706 singulas
907 1640 961 1688 res
988 1640 1230 1707 pernoscemus,
1264 1619 1341 1689 dein
1372 1628 1408 1687 ut
1440 1621 1507 1687 rim

277 1748 389 1794 earum
419 1747 602 1813 causasque
629 1727 747 1812 quibus
774 1728 858 1794 inter
889 1747 925 1796 se
957 1728 1146 1812 cohaerent,
1175 1727 1416 1813 intellegamus,
1446 1747 1507 1795 nos

277 1854 406 1919 qnoque
437 1835 576 1921 primurn
608 1835 808 1919 singulorum
840 1835 1031 1921 scriptorum
1062 1856 1156 1902 usum
1189 1854 1400 1921 exponemus,
1437 1842 1507 1902 tum

279 1962 365 2028 quae
388 1941 496 2009 dualis
519 1941 698 2028 usurpandi
721 1947 849 2011 aetates
865 1962 1013 2027 quaeque
1032 1961 1152 2009 causae
1167 1941 1293 2027 fuerint,
1316 1962 1373 2009 cur
1387 1942 1508 2027 singuli

277 2048 423 2133 singulos
445 2069 524 2118 usus
547 2051 739 2136 praebeant,
767 2056 923 2134 quantum
946 2049 1076 2135 quidem
1099 2050 1133 2115 in
1155 2049 1250 2118 nobis
1274 2050 1348 2135 erit,
1377 2048 1506 2117 demon-

277 2156 461 2223 strabimus.
507 2157 595 2223 Inter
621 2163 791 2241 utramque
819 2165 927 2224 autem
950 2165 1076 2244 partem
1098 2156 1223 2224 indices
1246 2176 1413 2243 ponemus,
1441 2177 1506 2242 quo

275 2265 406 2333 facilius
435 2266 563 2351 singula
590 2267 723 2333 inventa
749 2286 813 2333 uno
845 2265 940 2351 quasi
973 2266 1085 2333 obtutu
1111 2264 1340 2353 comprehendi
1366 2263 1503 2351 possint

795 2611 923 2724 Caput
955 2614 988 2697 Ι.

678 2768 698 2846 ξ
726 2768 753 2832 1.
800 2765 855 2831 De
882 2766 1110 2833 Aristotele.

370 2888 587 2958 Discernendi
601 2897 675 2957 sunt
689 2890 821 2975 genuini
834 2891 1065 2959 Aristotelis
1079 2891 1152 2958 libri
1166 2911 1188 2957 a
1202 2891 1330 2979 spuriis,
1345 2911 1410 2976 qua
1422 2891 1457 2957 in
1471 2911 1507 2958 re

274 2996 432 3065 indicium
454 2995 601 3064 Eduardi
623 2996 742 3065 Zelleri
765 2997 896 3081 (Gesoh.
919 2997 951 3067 d
976 2998 1098 3084 griech.
1121 2996 1244 3065 Philos.
1269 3000 1300 3083 2,
1317 2999 1351 3080 2)
1376 3004 1508 3065 secutus

276 3125 358 3171 sum.
412 3103 575 3172 Libellum
610 3109 678 3191 περὶ
714 3104 833 3193 ἀτόμων
869 3117 1026 3194 γροτμμοιν,
1066 3124 1137 3171 oum
1169 3104 1222 3172 vel
1254 3104 1424 3173 Aristoteli
1453 3105 1508 3171 vel

274 3210 503 3299 Theophrasto
531 3212 702 3298 tribuatur,
730 3212 794 3278 huc
821 3211 956 3298 inserui,
985 3231 1050 3278 uon
1078 3230 1141 3297 quo
1171 3211 1365 3279 sententiam
1397 3210 1439 3278 de
1467 3231 1506 3278 eo

277 3319 389 3405 ieram,
418 3318 477 3387 sed
500 3318 673 3403 quiscum
696 3319 863 3403 utriusque
886 3339 947 3386 usu
971 3318 1128 3403 congruit,
1155 3325 1191 3384 ut
1214 3338 1278 3384 non
1300 3318 1436 3384 multum
1458 3338 1507 3384 re

275 3426 375 3505 ferat,
408 3426 472 3491 utri
504 3425 741 3493 adnumeretur.
792 3425 909 3493 Dualis
937 3424 1087 3512 exempla
1114 3425 1205 3492 nulla
1236 3424 1443 3492 inveniuntur
1473 3425 1507 3492 in

275 3532 327 3601 his
371 3532 478 3601 libris:
527 3532 750 3620 uurqqopiur,¹)
792 3556 823 3599 τι.
862 3532 1037 3620 ἑρμηνείας,
1081 3534 1288 3619 μετεωρολογ,
1329 3555 1360 3598 ιι.
1398 3538 1505 3620 ψυχῆς,

274 3663 307 3706 π.
335 3646 468 3729 μνήμης,
501 3662 532 3705 ιι.
561 3636 667 3717 ὕπνου,
703 3663 734 3706 π.
763 3639 917 3724 ἐνυπνίων,
950 3662 980 3705 ιι.
1011 3641 1263 3726 μοιοιροβιόιητος,
1296 3661 1327 3704 τι.
1358 3644 1505 3725 νεότητος,

274 3770 307 3813 π.
331 3757 495 3834 ποιητικῆς.
541 3746 580 3812 In
602 3745 719 3813 ceteris
741 3746 805 3813 hae
826 3745 949 3813 formae
971 3746 1136 3830 leguntur:

322 3852 411 3922 διναλ.
434 3874 520 3939 προι.
543 3852 560 3917 I
584 3854 626 3921 15
648 3873 680 3939 p.
703 3855 818 3921 3481ss
849 3854 927 3921 δυοῖν
950 3852 1122 3941 ὲλαχίοτοιν

525 3959 679 4047 1122p.
702 3963 816 4029 oriens
847 3961 928 4028 δυοῖν
952 3960 1045 4026 ὄντοιν

321 4066 407 4134 ἀνοιδτ
431 4063 495 4134 bor.
523 4067 556 4132 Π
580 4069 620 4135 11
644 4088 676 4153 p.
698 4070 814 4135 stans
845 4066 969 4156 ἡμίσεια
991 4067 1067 4139 δυοῖν
1091 4064 1199 4153 δρδοιῖν

319 4195 417 4243 roura.
441 4174 487 4240 VI
512 4177 550 4243 11
580 4195 611 4262 p.
638 4176 774 4242 issara
810 4174 840 4241 ἐν
872 4174 1048 4263 ἀμφοτέροιν
1080 4184 1144 4240 τοῖν
1176 4175 1273 4257 λόγοιν
1316 4171 1507 4260 (ἀμφοτέρας

489 4292 553 4357 τοῖς
576 4284 677 4366 λόγοις
698 4281 766 4363 Bc)

319 4408 382 4473 περ
407 4408 475 4476 cop.
498 4387 544 4454 dl„
570 4390 645 4474 61).
672 4389 788 4457 168b1
822 4389 898 4454 δυοῖν
921 4385 1031 4474 ὀρδαῐν

275 4585 489 4595 -ω-
669 4495 786 4564 liobe
818 4497 897 4561 δυοῖν
921 4494 1015 4562 ὄντοιν

367 4653 388 4722 ¹)
411 4653 497 4709 Locus
512 4654 546 4709 12
558 4671 585 4724 p.
601 4655 658 4710 lla
671 4655 714 4722 31,
734 4672 818 4725 quem
835 4654 910 4710 infra
923 4672 950 4725 p.
966 4655 1000 4709 14
1014 4653 1136 4721 laudari,
1156 4654 1232 4710 inter
1246 4652 1356 4725 spurios
1372 4656 1422 4711 est
1454 4653 1505 4709 eir.

275 4743 369 4811 Zeller,
390 4743 437 4799 Gr.
455 4742 559 4799 Philos.
578 4742 613 4810 ll,
632 4745 658 4811 2,
676 4744 719 4810 sl,
737 4748 796 4800 not.
815 4745 839 4800 1.
