3552 5370
875 460 897 523 b

275 654 476 739 investigare
503 672 639 721 necesse
668 654 727 720 est
776 652 828 720 Ita
855 652 1009 737 elucebit,
1042 671 1127 737 quae
1155 659 1299 720 extrema
1332 652 1403 719 eius
1433 653 1503 719 fata

276 761 395 828 fuerim
418 766 451 826 et
474 761 546 845 quis
569 778 735 826 numerum
757 760 1000 827 intermortuum
1024 758 1058 825 iu
1080 778 1174 827 usum
1196 759 1406 826 revocaverit

363 869 412 934 dc
438 867 577 954 primum
599 864 731 950 quidem
753 865 798 932 ad
820 884 961 952 prosae
985 865 1141 933 orationis
1165 866 1342 953 scriptores
1365 866 1503 934 acceda-

273 994 356 1043 mus.
401 973 485 1040 Nam
512 979 631 1059 poetae
659 992 731 1039 cum
759 972 901 1056 vestigia
928 972 1072 1058 priorum
1099 972 1203 1039 secuti
1229 992 1294 1039 uon
1327 971 1505 1040 dialectum

273 1082 442 1166 vulgarem
465 1099 708 1164 sermonemque
732 1076 931 1146 cotidianum
953 1078 1147 1165 praebeant,
1176 1078 1236 1146 sed
1263 1086 1334 1147 arte
1361 1078 1504 1165 quadam

273 1187 488 1274 compositum
515 1194 548 1254 et
575 1186 693 1273 prioris
719 1205 860 1272 poeseos
887 1204 948 1252 usu
979 1192 1206 1272 temperatum,
1239 1205 1260 1251 a
1293 1185 1503 1274 scriptoribus

272 1293 436 1380 pedestris
470 1293 627 1362 sermonis
660 1291 854 1377 seiungeudi
885 1300 918 1360 et
948 1293 1107 1379 peculiari
1140 1292 1331 1377 quaestione
1363 1301 1503 1361 tractau-

270 1400 435 1469 dierunt.

364 1506 445 1573 Cum
472 1514 580 1574 autem
611 1506 644 1573 iu
672 1507 814 1573 omnium
840 1526 946 1573 rerum
973 1506 1157 1591 cognitione
1181 1505 1247 1573 duo
1270 1506 1329 1573 illa
1351 1506 1417 1574 siut
1438 1506 1504 1575 dis-

271 1612 451 1699 cernenda,
488 1614 626 1700 primum
657 1620 693 1679 ut
725 1612 872 1699 singulas
904 1633 957 1681 res
984 1633 1227 1700 pernoscamus,
1261 1612 1338 1683 deiu
1370 1619 1406 1680 ut
1437 1614 1504 1680 rim

274 1740 387 1787 earum
416 1740 599 1806 causasque
626 1719 744 1806 quibus
771 1721 855 1787 iuter
886 1739 922 1788 se
954 1721 1143 1807 cohaerent,
1172 1721 1414 1807 intellegamus,
1444 1740 1504 1788 uos

273 1847 404 1913 quoque
434 1827 573 1915 primum
605 1828 805 1913 singulorum
837 1827 1028 1914 scriptorum
1059 1848 1154 1896 usum
1186 1847 1398 1915 exponemus,
1435 1836 1505 1895 tum

277 1955 362 2021 quae
385 1933 493 2002 dualis
515 1933 694 2021 usurpandi
717 1940 846 2003 aetates
862 1954 1010 2021 quaeque
1029 1954 1149 2003 causae
1163 1934 1290 2021 luerint,
1313 1956 1369 2002 cur
1384 1936 1505 2021 singuli

273 2041 420 2126 singulos
442 2062 521 2110 usus
544 2043 737 2129 praebeant,
765 2049 920 2128 quantum
943 2042 1073 2128 quidem
1095 2043 1129 2109 iu
1152 2044 1247 2111 uobis
1271 2044 1345 2127 erit,
1374 2042 1504 2111 demon·

274 2149 458 2216 strabimus.
504 2149 592 2216 Inter
618 2155 788 2235 utramque
816 2160 924 2216 autem
947 2157 1073 2237 partem
1095 2148 1220 2217 iudices
1242 2170 1409 2237 ponemus,
1438 2171 1503 2235 quo

272 2258 403 2326 facilius
431 2258 561 2344 singula
587 2259 719 2326 iuveuta
745 2279 809 2325 uuo
842 2260 936 2344 quasi
969 2259 1082 2326 obtutu
1108 2258 1336 2346 comprehendi
1364 2258 1499 2345 possint.

792 2603 920 2717 Caput
952 2607 984 2690 Ι.

675 2760 695 2839 ὅ
723 2761 750 2824 1.
797 2757 852 2823 De
879 2759 1106 2826 Aristotele.

367 2882 583 2950 Discerueudi
597 2890 672 2949 sunt
686 2882 818 2967 genuini
831 2883 1062 2952 Aristotelis
1075 2883 1147 2950 libri
1163 2904 1184 2950 a
1199 2884 1327 2971 spuriis,
1342 2904 1406 2969 qua
1419 2883 1453 2950 iu
1468 2903 1504 2952 re

272 2988 428 3057 iudicium
451 2987 598 3055 Eduardi
620 2988 739 3056 Zelleri
762 2989 893 3073 (Gesch.
916 2989 948 3059 d
973 2990 1095 3077 gdech.
1118 2990 1241 3057 Philus.
1265 2993 1297 3075 2,
1314 2991 1348 3073 2)
1372 2997 1504 3058 secutus

272 3117 354 3163 sum
409 3095 571 3163 Libellum
607 3101 674 3183 cepi
711 3096 830 3185 ἀτόμον
866 3110 1023 3187 γραμμῶν,
1062 3117 1135 3163 cum
1166 3097 1219 3164 vel
1250 3097 1421 3166 Aristoteli
1450 3097 1505 3164 vel

271 3202 501 3290 Theophrasto
527 3204 699 3290 tribuatur,
727 3203 791 3271 huc
817 3204 953 3290 inserui,
981 3224 1046 3271 nou
1074 3224 1138 3289 quo
1167 3205 1362 3272 seutentiam
1394 3203 1436 3271 de
1465 3223 1504 3271 eo

272 3311 386 3397 leram,
414 3310 474 3379 sed
497 3311 575 3396 quia
598 3331 670 3378 cum
693 3312 860 3396 utriusque
882 3331 944 3379 usu
967 3310 1125 3396 congruit,
1152 3317 1188 3377 ut
1210 3331 1275 3378 uon
1297 3312 1433 3378 multum
1454 3331 1504 3378 re·

272 3419 372 3498 ierat,
405 3417 469 3484 utri
500 3417 738 3486 adnumeretur.
788 3418 905 3486 Dualis
934 3418 1084 3505 exempla
1111 3417 1202 3484 nulla
1233 3417 1439 3486 inveniuntur
1470 3418 1504 3484 in

271 3524 324 3592 his
368 3523 475 3592 librisz
524 3524 747 3612 anteceptam)
789 3549 820 3592 ιτ.
859 3524 1034 3612 ἑρμηνείας,
1077 3526 1284 3611 pentapetes„
1326 3548 1357 3591 π.
1394 3530 1502 3613 ψυχῆς,

271 3656 304 3699 ιτ.
332 3638 465 3721 μνήμης,
498 3653 529 3696 π.
558 3628 664 3708 burco,
700 3655 731 3698 τ.
760 3630 914 3715 ἐνυπνίων,
946 3654 977 3697 τι.
1008 3633 1259 3718 μακροβιότρτος,
1293 3654 1323 3697 ιτ.
1354 3637 1502 3719 ντότιμτοτ,

271 3763 304 3806 ιτ.
327 3749 492 3827 ποιητικῆς.
538 3737 577 3803 Iu
599 3737 716 3805 ceteris
737 3737 801 3806 hae
822 3736 946 3805 formae
968 3738 1133 3821 leguntur:

318 3846 408 3915 ἀναλ.
431 3866 517 3929 προτ.
540 3843 557 3909 1
582 3845 624 3914 15
645 3866 677 3932 p.
700 3847 815 3912 34a1s
846 3846 925 3912 δοοῐν
947 3844 1119 3933 ὲλοιχίστοιν

522 3952 556 4018 ΙΙ
578 3953 622 4020 22
644 3973 675 4039 p.
699 3954 813 4020 stass
844 3954 925 4020 δοοῖν
949 3952 1042 4019 ὄντοιν

317 4059 403 4125 drale
428 4056 491 4126 but.
521 4059 553 4124 Π
577 4061 617 4127 11
641 4080 673 4145 p.
695 4061 810 4126 osane
842 4057 965 4148 ἡμίσεια
987 4060 1064 4125 δοοῖν
1088 4057 1196 4145 ὀρθαῖν

316 4188 413 4234 τοτοι.
438 4166 484 4232 VI
509 4170 548 4234 11
576 4187 609 4253 p.
635 4168 771 4234 149212
806 4165 837 4232 ἐν
869 4166 1044 4254 ἀμφοτέροιν
1077 4177 1140 4231 τοῖν
1172 4167 1270 4249 λόγοιν
1312 4164 1503 4252 (ἀμφοτέρας

486 4284 550 4349 τοῖς
572 4276 674 4357 λόγοις
696 4272 763 4354 Bc)

316 4400 379 4465 περ
404 4400 471 4467 cop.
495 4379 540 4445 sa
566 4381 588 4447 6
610 4400 642 4466 p.
670 4379 785 4448 168b1
819 4381 895 4445 ἃοοῖν
919 4377 1028 4465 όρθοιῖν

271 4576 486 4586 *—
666 4487 784 4555 1less
815 4489 894 4553 δοοῐν
918 4485 1012 4553 ὄντοιν

364 4646 385 4715 ¹)
408 4645 494 4701 Locus
508 4646 543 4701 12
554 4663 582 4716 p.
598 4646 655 4702 lla
668 4646 711 4713 31,
730 4664 815 4716 quem
833 4645 907 4702 iufra
920 4663 947 4716 p.
963 4646 997 4701 14
1010 4645 1133 4713 laudavi,
1152 4647 1229 4702 iuter
1243 4644 1353 4717 spurios
1368 4649 1419 4702 est.
1451 4645 1501 4700 cfr.

271 4736 366 4803 heller,
386 4735 433 4792 Gr.
452 4733 654 4803 Philoclis,
673 4736 717 4802 et,
734 4740 792 4792 not.
813 4736 837 4791 1.
